2834 4966
580 343 628 410 X.-
665 349 717 412 48.
1116 355 1198 420 1417

97 531 161 582 em·
184 534 266 599 quae
284 511 441 594 seriptum
455 511 572 590 rsi,'ds
586 533 647 596 qua
661 533 763 575 sermo
780 527 839 594 est,
856 515 1019 596 aptissime
1031 521 1196 582 convenit.

100 617 132 663 st
149 601 182 660 iu
200 599 281 672 istis,
306 617 387 680 quse
401 610 591 680 sequuntur,
612 597 757 680 scrupuli
771 601 843 678 plus
860 615 1020 685 essetque
1043 608 1197 669 molestae

98 697 290 842 llllllj
304 681 1197 850 llll'z’llzl'ssl‘lllltlelulliztll‘otlg

97 860 169 914 vises
184 853 219 912 in
238 849 402 911 Hesiodeis
414 850 481 908 luci
497 847 641 927 donavit,
656 851 689 910 in
702 847 790 915 huno
800 851 854 912 illa
866 851 1194 936 refingebatmodutns

97 935 240 1018 καθάπερ
255 943 318 1009 τοῖς
333 959 364 998 τε
381 936 558 1017 συρομένοις
571 931 608 999 sd
621 937 709 1014 σκέλη
727 938 897 1018 συμβαίνει,
924 941 975 1001 κοιλ
998 929 1041 1004 οἷν
1055 939 1124 1016 τούς
1135 969 1195 1008 sre-

96 1023 229 1105 λύτρους
247 1014 479 1099 ὖφσριυᾶζουσι·
511 1019 678 1102 inquibus
702 1019 842 1090 hominis
867 1043 1005 1100 acumen
1021 1037 1055 1086 et
1077 1026 1195 1086 iudus-

96 1109 189 1170 triam
207 1104 321 1166 merito
339 1101 510 1168 collaudes.
538 1101 592 1164 sed
608 1101 647 1165 ed
665 1105 852 1165 Aristotelis
864 1105 1069 1182 institutum,
1090 1109 1195 1172 salio-

95 1193 193 1254 nibus
207 1189 287 1250 bene
301 1185 482 1262 subductis,
505 1187 592 1250 nibil
607 1189 779 1272 quicquam
797 1189 925 1250 fuciunt
945 1189 1002 1254 isti
1021 1193 1193 1276 loripedes,

95 1292 153 1338 sut
178 1273 297 1356 quibus
318 1269 488 1353 pedulibus
512 1293 593 1353 opus
617 1287 685 1334 erat
707 1273 747 1333 sd
771 1272 943 1336 firmandos
969 1297 1103 1360 gressus.
1133 1300 1194 1364 ego

94 1360 233 1444 propius
250 1355 397 1417 accedere
415 1372 494 1436 puto
510 1357 549 1419 ad
568 1359 706 1442 vestigia
722 1358 875 1420 lectionis
895 1358 1001 1422 editas
1025 1362 1194 1447 ipsiusque

92 1447 142 1508 rei
157 1443 326 1506 veritatem
342 1439 426 1505 hano
443 1440 716 1506 emendationem:
739 1441 878 1528 καθάπερ
889 1454 954 1521 τοῖς
967 1469 999 1510 ss
1014 1449 1195 1537 συρομένοις

92 1529 132 1595 sd
146 1531 234 1608 σκέλη
251 1526 407 1609 συμβαίνει
423 1529 475 1590 sol
490 1521 533 1591 ὦν
545 1524 816 1611 τοιῗςσκολύθοους
829 1523 1059 1609 ὖφοιριιᾶζουσι·
1079 1531 1194 1616 ibique

91 1637 153 1698 per
169 1614 358 1696 συοομὲυους
371 1607 407 1675 τὰ
423 1609 511 1694 σκέλη
528 1612 689 1696 intelligo,
711 1613 766 1698 qui
781 1612 919 1694 pedibus
934 1613 1083 1678 sdduotis
1098 1633 1131 1680 et
1146 1634 1194 1678 at-

91 1700 208 1760 tractis
233 1691 422 1780 affliguntur
443 1694 483 1756 sd
515 1712 646 1774 terrem,
676 1696 764 1780 quod
786 1694 1038 1776 ὑποσκελίζεσθαι
1063 1704 1193 1784 proprie

92 1783 212 1845 Graeci
238 1780 361 1842 dicunt.
396 1801 453 1862 par
475 1781 604 1842 illorum
629 1795 679 1844 est
702 1781 803 1858 ratio,
826 1782 943 1865 quibus
966 1777 1122 1850 ὗιιοιιόδισ
1141 1791 1193 1848 rel
1239 1797 1241 1804 “

96 1865 263 1949 σκόλυθροι
284 1861 516 1928 subducuntur.
544 1879 577 1927 et
598 1863 695 1925 istius
713 1866 879 1948 nequitiae
894 1868 996 1929 fuisse
1013 1867 1192 1931 nebulones

97 1950 252 2037 quosdam
269 1945 354 2031 spud
371 1950 567 2031 veteres,qui
582 1946 796 2032 suppedaneis
813 1964 870 2010 aut
885 1949 1014 2014 sedibus
1025 1949 1193 2015 subductis

95 2037 244 2104 homines
259 2047 437 2098 everterent
451 2033 491 2094 ad
514 2031 697 2094 iaciendum
713 2035 812 2094 risum
823 2055 866 2096 ex
885 2037 1024 2098 Platone
1038 2036 1192 2098 manifes-

95 2137 165 2184 tum
183 2135 240 2183 est.
265 2119 300 2178 iu
316 2115 379 2178 boo
400 2132 505 2180 sutem
521 2117 714 2196 Philosophi
723 2121 798 2178 loon
814 2115 1192 2204 osso'lur‘luosdesuppeda.

96 2208 168 2267 neis
185 2217 261 2265 sunt
279 2201 442 2284 capiendi,
464 2224 531 2264 nou
548 2199 587 2262 de
603 2201 689 2263 sellis
702 2200 947 2281 humilioribus,
970 2221 1073 2290 neque
1089 2204 1190 2283 obest,

98 2289 187 2374 quod
204 2291 259 2350 ills
275 2287 411 2350 notione
425 2283 568 2374 purioris
587 2286 708 2430 eloquii
728 2301 873 2348 auctores
895 2288 979 2362 bauo
999 2307 1110 2350 vocem
1128 2285 1193 2350 da-

97 2389 219 2445 mnent,
241 2369 400 2456 siquidem
416 2389 446 2432 et
467 2370 528 2433 elia
543 2370 609 2431 siut
626 2392 645 2454 p
662 2375 788 2448 uacule,
812 2393 910 2454 quse,
934 2375 1079 2459 quamvis
1095 2373 1133 2435 ab
1150 2373 1192 2435 iis

99 2460 222 2542 virgula
247 2471 376 2532 notata,
399 2461 458 2527 suist
476 2456 659 2540 κεκριμένων
677 2472 781 2516 tamen
805 2457 998 2520 auctoritate
1022 2457 1189 2534 nituntun

101 2539 136 2601 id
151 2543 227 2604 alies
245 2542 278 2601 iu
297 2554 441 2624 tempore
457 2541 592 2602 forsitan
611 2539 705 2600 latius
723 2541 936 2604 ostendemus.
961 2557 1142 2626 quanquam
1159 2556 1193 2604 et

99 2641 255 2708 praeterea
268 2623 306 2687 de
315 2628 484 2688 Aristotele
498 2639 632 2700 constet,
656 2625 757 2699 illum,
775 2624 823 2686 uti
841 2648 943 2688 serum
959 2629 1099 2711 ipserum
1117 2645 1191 2713 cog·

97 2709 253 2772 uitionem
277 2707 315 2770 sb
338 2711 494 2792 opinione
517 2707 666 2791 populari
688 2709 858 2791 petendum
878 2713 1000 2788 soluit,
1022 2711 1071 2772 tio
1087 2732 1192 2795 oeque

99 2795 320 2856 communibus
334 2793 524 2856 abstinuisse
538 2793 643 2855 verbis
656 2793 877 2878 loquendique
894 2793 1009 2874 modis,
1033 2810 1070 2855 ut
1084 2801 1193 2878 plera-

101 2899 253 2964 quequae
271 2879 477 2940 Grammatici
494 2875 678 2960 improbant
694 2894 725 2939 et
740 2879 904 2958 amiciunt,
928 2879 961 2938 in
976 2879 1045 2939 eius
1062 2881 1191 2961 seriptis

99 2967 245 3044 reperias.
288 2963 394 3024 Primo
422 2985 500 3026 vero
525 2965 618 3026 litero
644 2963 733 3022 vocis
760 2959 951 3043 σκολύθρους
968 2963 1065 3024 facile
1087 2963 1191 3044 perire

100 3049 217 3129 potuit,
230 3047 317 3132 quod
333 3045 441 3110 eadem
459 3043 661 3129 praecederet
676 3045 709 3104 in
726 3044 814 3120 τούς·
839 3048 917 3130 quin
937 3046 1032 3109 etism
1048 3047 1192 3130 eliquen-

101 3129 142 3192 do
158 3133 265 3196 studio
281 3131 430 3196 librarios
444 3131 588 3194 omisisse
605 3144 661 3190 aut
677 3130 785 3192 literas
800 3144 855 3192 eut
868 3129 1193 3214 syllebes'iuoipieu-

101 3218 141 3278 tis
156 3220 291 3280 alicuius
307 3216 414 3296 vocis,
440 3216 557 3301 quibus
571 3227 636 3277 erat
652 3211 741 3298 prior
753 3211 865 3294 finita,
888 3214 1009 3276 nemini
1047 3220 1192 3277 aulolum

99 3299 134 3361 in
156 3302 481 3366 reCritienverssto
512 3305 610 3362 lesere
629 3313 746 3384 potest.
797 3295 898 3360 Porto
925 3315 995 3360 oum
1034 3301 1134 3360 diloso
1155 3301 1194 3360 lrs‘
1228 3287 1233 3309 ⁸

96 3403 202 3452 mente
224 3387 258 3448 id
281 3385 433 3470 congruit
456 3401 546 3468 epte,
570 3382 657 3466 quod
679 3385 785 3444 nullus
801 3383 863 3444 inm
877 3397 1044 3466 expectet.
1073 3397 1111 3444 ut
1128 3325 1191 3445 boo

93 3477 171 3536 loeo
185 3473 409 3536 demonstrem.
454 3469 577 3534 Similia
599 3484 647 3532 est
669 3465 747 3529 huic
765 3465 933 3530 admodum
957 3471 1054 3530 alters
1072 3483 1141 3529 vox
1157 3467 1192 3528 in

90 3557 206 3620 eodem
221 3559 455 3618 Grammaticos
478 3551 672 3636 Σκυλῦφρου,
685 3557 832 3634 θρανίου·
855 3558 977 3616 mallem
988 3550 1191 3634 σκολῦφριον·

90 3639 138 3702 de
153 3643 306 3705 facillima
324 3642 575 3702 commutatione
592 3645 647 3702 τοῦ
662 3649 686 3702 θ
699 3653 730 3698 et
748 3665 772 3718 φ
787 3637 870 3698 nihil
885 3637 939 3698 bic
955 3638 1070 3699 dicem.
1116 3637 1193 3698 'rst-

90 3727 157 3786 θοι
172 3729 304 3788 innixos
321 3725 421 3786 fuisse
434 3723 568 3805 pedibus
584 3722 638 3783 bie
654 3723 764 3782 iuouit
781 3727 916 3801 Auster,
939 3725 1079 3808 telesque
1098 3726 1193 3785 sellae

88 3813 136 3874 iu
149 3813 285 3874 nummis
302 3826 334 3872 et
351 3809 561 3870 marmoribus
576 3808 731 3891 plurimae
746 3808 1002 3890 conspiciuntur,
1024 3805 1110 3868 unde
1125 3807 1192 3867 ior·

88 3915 176 3958 meus
190 3901 300 3960 esrum
316 3910 429 3977 petant
443 3893 581 3954 curiosi·
602 3912 619 3952 a
636 3889 798 3952 Tbessslis
813 3907 917 3953 autem
937 3913 1018 3974 quae
1031 3891 1194 3952 conficie-

85 3981 212 4042 bantur
226 3995 318 4042 erant
333 3977 576 4054 pulcherrimae.
599 3975 639 4037 de
653 3977 740 4037 sellis
755 3994 862 4038 sutem
880 3976 1077 4040 Thessslieis
1095 3975 1192 4038 modo

83 4062 210 4128 Noster
233 4079 266 4127 et
289 4063 364 4138 vll,
390 4080 457 4128 112.
487 4061 754 4147 sdquemlorom
772 4063 952 4122 Kushur'um
971 4059 1054 4124 vide.
1086 4065 1194 4141 Hesy-

140 4183 233 4238 nztux
261 4180 324 4238 rat.
346 4183 381 4236 r.
841 4162 871 4222 Χ
888 4183 907 4220 x
923 4185 943 4220 x
961 4183 983 4220 x
