2710 4972
242 379 324 447 125⁰
692 373 750 438 lx
795 381 866 445 148.

240 547 369 626 steine,
397 546 417 614 ο*
433 527 577 628 monle·
598 548 651 616 snt
671 547 795 630 rlnlnrn
817 537 872 614 tis
891 541 1018 630 λιπαρεῖν
1037 547 1089 612 stoi
1110 541 1270 629 μοχθηρδν
1288 551 1325 626 ια’

183 637 187 644 ’
238 631 329 709 ἤθει·
350 637 403 697 ναῒ
414 629 574 717 persiceta,
596 631 631 698 νο“
645 637 705 708 τοῖς
719 633 853 716 ὄμμασιν
865 629 1030 714 ἐπιμύοντα
1048 633 1254 713 paternitate,
1274 635 1318 693 rel

238 715 505 794 κακοηθειῖεοθαν·
527 728 557 785 ol
572 719 605 782 δὲ
618 719 768 799 οιογελιῗῖνΡ
808 714 937 778 Addere
949 717 1041 776 iurat
1059 715 1211 796 Hesyclsr'r'
1225 715 1316 790 verbs,

238 811 269 873 ,ί
286 803 422 864 forsitan
442 823 478 864 ea
504 791 598 883 opera
614 819 721 864 nostra
738 801 869 864 meliora
884 799 974 862 reddi
992 801 1142 883 possint:
1163 794 1316 876 I'losrictss,

239 893 276 963 ,ι’
296 885 539 970 καταφερόμενον
562 891 609 966 εἰς
627 884 740 967 ὕπνον,
764 891 817 952 rol
836 883 975 966 lucretius
996 889 1058 962 τοῖς
1078 885 1194 967 ὄμμασι
1208 889 1257 950 erl
1269 911 1318 948 sn·

238 975 436 1047 recllnsueis·
457 979 486 1038 ol
501 975 533 1038 ll
554 973 715 1056 διεγγελᾷν.
759 971 815 1037 sic
837 969 997 1034 emendari
1020 973 1141 1052 placete
1164 969 1316 1044 Γλοιᾰζειν,

240 1065 283 1142 οἷς
295 1050 538 1142 καταφερόμενον
554 1062 601 1136 εἰς
613 1057 709 1124 ὕπνον
721 1051 860 1140 tumulus
876 1059 939 1130 soie
953 1056 1085 1138 ὄμμασι,
1108 1058 1161 1122 eni
1183 1063 1318 1120 aorsllos·

238 1153 326 1216 ινεῖν·
348 1150 377 1210 ol
400 1147 434 1209 all
449 1144 599 1228 lsnyelqis·
628 1142 790 1226 prioribus
814 1142 949 1223 exponit
964 1141 1097 1204 formam
1120 1139 1318 1224 significatio·

240 1235 292 1295 nis
308 1229 396 1290 illius
411 1225 515 1292 verbi:
542 1228 648 1288 neuim
667 1232 784 1288 sensim
797 1227 969 1306 occludere,
991 1239 1027 1288 ιιι
1042 1223 1248 1307 iterfaciens,
1273 1224 1319 1304 qui

240 1325 276 1379 ἰιι
288 1335 429 1380 somnum
443 1313 642 1376 «lambuntur.
671 1325 739 1372 tum
763 1333 838 1376 vero
852 1313 1022 1392 Sopingirra
1043 1331 1101 1392 pro
1115 1309 1319 1375 seresllntnrit

155 1453 165 1475 „
239 1423 307 1464 non
324 1396 458 1458 debehat
472 1396 639 1460 restituere
652 1397 883 1462 antellontrie·
905 1417 976 1456 nam
993 1397 1136 1477 etipsam
1149 1391 1227 1455 illud
1243 1387 1319 1476 apud

165 1476 174 1492 Χ
240 1483 436 1565 Hesychium
449 1477 639 1558 'Ilioneum
663 1479 748 1542 unde
770 1480 853 1542 hano
874 1501 961 1542 susm
980 1476 1231 1542 emendationem
1245 1475 1320 1538 hau·

241 1566 455 1641 circumedo,
487 1565 572 1627 vitio
595 1566 749 1650 scripturn
772 1581 821 1628 eat
838 1587 896 1648 pro
920 1567 1088 1638 illontia,
1120 1577 1159 1624 ut
1180 1560 1320 1624 docemur

241 1655 280 1716 ab
294 1651 518 1730 Aristophanis
538 1651 783 1711 commentatore
798 1656 931 1732 antiquo
945 1649 984 1710 ad
1004 1651 1148 1730 Equites,
1172 1646 1227 1708 ubi
1245 1650 1319 1710 illot-

209 1731 214 1742 ’
239 1743 336 1814 ullast
357 1733 452 1796 habet
471 1750 503 1796 et
523 1738 687 1801 ι’λλοιαεῐν·
710 1749 742 1796 et
766 1735 868 1820 igitur
887 1735 982 1796 etiam
995 1737 1134 1798 emacula
1151 1727 1319 1793 Saldania

238 1820 427 1895 Ἰλλοὶπνεεν,
448 1820 511 1881 nisi
533 1821 606 1904 quis
632 1833 664 1882 et
683 1816 767 1880 hanc
790 1817 878 1881 verbi
895 1820 1028 1882 lormsm
1042 1833 1158 1880 rectam
1178 1815 1241 1877 sibi
1254 1835 1322 1898 per·

239 1905 386 1978 suadeat,
416 1901 455 1966 dc
476 1926 540 1989 quo
560 1920 666 1965 tamen
690 1922 749 1987 ego
772 1919 876 1964 certus
896 1925 963 1966 non
990 1925 1075 1974 snm„
1108 1899 1250 1980 deniqne
1270 1915 1320 1982 pro

240 1990 391 2076 otryyrtq'ts
410 2009 448 2052 est
465 1991 648 2072 Etymnlogo
663 1989 808 2050 revocari
825 1990 969 2070 praefero
986 1987 1137 2070 διαγελᾷν.
1182 1986 1207 2046 F
1209 1987 1258 2044 uit
1272 1985 1328 2040 ita·

240 2101 302 2162 que
317 2072 470 2162 γλοιοὶζειν,
484 2073 637 2164 quaedam
658 2071 825 2136 deridendi
845 2073 965 2152 forans,
991 2093 1053 2158 qua
1080 2065 1322 2133 conniventibus

241 2165 344 2225 oculis
366 2181 496 2221 sannam
527 2160 625 2219 alindr
654 2156 828 2221 faciehant.
860 2174 892 2220 et
920 2180 996 2221 mox
1025 2158 1120 2219 etiarn
1149 2154 1321 2216 ridebimus

240 2252 332 2330 plura
360 2245 462 2304 fuisse
486 2243 771 2304 subsannationum
815 2263 917 2304 encra.
972 2239 1033 2304 set
1058 2261 1118 2328 ego
1139 2253 1246 2301 tannen
1269 2236 1323 2296 ali·

241 2328 369 2412 quando
384 2327 496 2409 putavi
515 2321 671 2412 plasticen,
693 2349 764 2388 cum
787 2265 928 2389 ‹ieridere
941 2325 1113 2414 significat,
1142 2323 1198 2386 tic
1215 2347 1233 2386 a
1250 2321 1324 2382 Pol-

241 2417 308 2476 lucc
328 2413 509 2472 damnatum
534 2413 835 2492 pronunciationem
859 2433 926 2474 esse
950 2427 982 2474 et
1004 2413 1193 2496 scripturam
1225 2427 1325 2492 popo-

239 2502 335 2559 lsrem
351 2516 409 2576 pro
425 2490 606 2576 γελοιάζειν·
629 2495 707 2556 alias
724 2497 808 2555 enim
824 2496 897 2579 quis
913 2497 1026 2559 merito
1044 2495 1209 2557 damnaret
1227 2487 1323 2578 ylasi-

237 2587 316 2657 ζειν,
347 2579 432 2658 quod
453 2601 515 2638 usu
537 2601 595 2660 pro
621 2595 708 2640 certo
728 2587 846 2640 an‘nnae
866 2602 980 2663 genere
1001 2577 1167 2642 invaluit?
1200 2601 1241 2639 an
1266 2595 1325 2636 non

240 2666 288 2726 sic
302 2661 412 2725 eodem
427 2664 495 2723 iure
509 2663 640 2725 reiicere
660 2663 765 2746 possis
790 2665 921 2746 quaevis
945 2665 1006 2726 alia
1029 2664 1123 2727 verba
1139 2663 1327 2747 singularem

240 2745 504 2809 subsannationis
532 2746 665 2808 formam
689 2746 916 2830 designantia?
946 2749 1073 2825 neseio,
1103 2771 1143 2810 nn
1168 2771 1221 2810 me
1244 2747 1327 2808 illius

239 2832 433 2978 suspicionis
456 2833 622 2913 poenitere
635 2831 777 2896 -debean
814 2832 870 2895 sed
890 2833 1015 2896 iudicet
1037 2853 1158 2919 aequus
1176 2837 1282 2895 lector
1300 2841 1328 2890 et

237 2939 292 2979 ern
317 2931 391 2978 ενοι.
868 2965 874 2986 ,
1067 2943 1071 2949 ·

303 3003 526 3090 ,denosllorimJ
560 3003 628 3065 MS.
656 3003 709 3070 stoi
733 3004 922 3070 διασιλλοῧν·
949 3017 981 3064 et
1003 3003 1162 3086 particula
1193 3003 1260 3065 iata
1278 3000 1327 3062 hic

236 3087 583 3168 sertesnpplendseet.
625 3087 721 3152 Iona.
1302 3151 1309 3160 ,

320 3172 526 3255 locusticum]
548 3175 638 3257 Ego,
661 3171 747 3254 qnod
769 3173 812 3233 ita
838 3171 973 3233 iubeant
989 3170 1085 3238 MSS.
1109 3177 1161 3238 acl
1184 3175 1348 3258 particu-¹

234 3261 296 3318 lam
320 3260 511 3340 praeposui,
536 3257 682 3340 quamvis
705 3257 738 3318 id
760 3260 932 3324 leviculum
958 3257 1060 3318 rideri
1077 3259 1190 3340 possit.
1240 3261 1285 3320 Et
1299 3255 1329 3313 in

236 3341 288 3402 his
302 3343 397 3404 etiam
414 3341 530 3414 verbis,
554 3341 753 3424 quodmodo
771 3341 809 3402 de
822 3339 970 3424 plectilem
988 3343 1182 3418 notavimus,
1212 3367 1229 3406 ι
1250 3353 1332 3405 certa

235 3425 452 3486 subsannandi
469 3427 593 3488 ratione
615 3424 653 3487 ad
672 3427 900 3510 generaliorem
919 3427 1083 3488 notionem
1106 3448 1168 3488 usn
1192 3447 1333 3510 perven-

235 3527 303 3571 tum
324 3526 387 3577 est.
426 3531 498 3571 nam
526 3530 605 3592 quse
629 3511 758 3572 naribus
781 3512 926 3572 attractis
950 3525 1044 3595 atque
1066 3516 1211 3574 curvatis
1235 3529 1333 3575 sanna

236 3595 291 3672 fit,
315 3594 380 3656 dici
403 3599 484 3656 solet
505 3593 608 3670 celleio
630 3597 778 3678 proprie,
804 3618 854 3658 me
879 3595 1008 3680 quidem
1031 3594 1154 3676 iudice3
1182 3595 1347 3680 quamvis}

237 3699 304 3741 essa
326 3681 557 3742 Grammaticos
579 3681 665 3741 haud
685 3681 845 3766 ignorem.
882 3682 940 3762 qni
965 3681 1079 3741 factam
1102 3683 1204 3743 motis
1233 3679 1336 3744 oculis

237 3783 366 3826 annnam
393 3765 437 3824 ita
459 3765 567 3826 vocari
590 3765 784 3828 existiment.
817 3763 872 3827 aed
891 3765 939 3827 illi
964 3765 1109 3846 quidem,
1131 3765 1213 3827 dum
1238 3765 1337 3848 frigi-

238 3846 344 3908 dulam
369 3849 459 3910 vocis
489 3851 647 3934 originem
678 3849 827 3912 adferunt
844 3849 908 3916 rino*
927 3848 983 3918 τοῦ
1011 3855 1103 3918 οειέιν
1121 3849 1193 3928 rotie
1220 3848 1335 3928 lttcrlc.

238 3935 289 3992 vel
313 3929 375 3996 cino*
389 3935 442 3998 τοῦ
455 3939 600 4002 σίνεσθαι
623 3938 687 4009 τοῖς
710 3941 813 4015 ἰλλοΐς,
828 3937 895 3997 lieri
912 3957 977 3996 non
992 3937 1101 4018 potuit
1114 3939 1236 4015 aliter,
1260 3938 1337 4020 quin

239 4016 372 4078 veritate
387 4017 577 4093 aberrarent,
608 4033 823 4100 praeterquam
846 4019 931 4103 quod
957 4021 1133 4088 ἑιιλλοιπεῖν
1151 4028 1208 4083 vel
1232 4017 1346 4107 ylornir

239 4106 298 4180 ζειν
318 4099 457 4178 dicatur,
481 4105 537 4186 qui
565 4107 668 4166 oculis
692 4107 789 4168 alicui
813 4105 956 4169 distortis
976 4106 1105 4170 irridet:
1127 4111 1282 4189 Etymol.
1308 4107 1341 4166 in
