2834 4966
567 391 629 456 ³x.
672 395 724 464 ss.
850 361 853 370 ’
1100 383 1192 467 ''1401

91 563 217 644 phanis
239 559 373 622 subiicit
390 563 515 641 losum,
540 563 596 644 qni
618 562 725 624 sie'in
749 559 894 625 ordinem
917 577 965 624 est
984 561 1188 652 redigendus,

100 665 135 706 nt
153 647 262 728 posuit
280 646 312 704 in
328 647 415 706 notis
431 649 658 710 Fortunensis
673 646 910 734 expositionem
926 664 1028 711 sutem
1043 673 1059 713 e
1078 653 1195 714 Comici

100 749 227 794 vetusto
245 731 503 794 Commentators
521 734 639 792 Sur'dns
654 732 779 806 hausit,
803 753 874 792 unns
893 733 1016 820 stille.
1040 734 1191 822 suompte,

99 815 231 900 οιῗρηρόν
253 813 383 898 siyysios.
415 835 480 875 non
507 817 600 878 aliter
624 819 656 876 in
680 819 882 882 Onomasts'eo
902 817 1017 885 veteri:
1041 823 1190 901 Matella,

97 903 247 981 ου’ρηιρίς.
291 901 488 972 Athenaeum
503 901 583 963 adde
599 901 654 963 lilr.
680 902 707 963 1.
727 925 753 964 e.
774 901 819 964 14.
845 914 877 960 et
892 922 1046 964 summum
1062 905 1101 966 etl
1120 929 1190 970 enm

99 988 398 1046 Animadversorem.
444 987 565 1059 Porio,
589 987 663 1046 dnm
679 987 712 1046 in
729 987 778 1046 his
795 986 934 1067 egimus,
959 985 1125 1052 obserisre
1143 997 1190 1052 lu·

99 1071 170 1150 bet,
193 1086 256 1129 tem
280 1069 449 1153 praecipiti
463 1071 588 1131 luxurie
604 1072 702 1134 fuisse
718 1085 855 1147 veteres,
878 1085 914 1128 ut
928 1085 959 1131 et
973 1093 1080 1134 servos
1098 1075 1191 1138 habe.

97 1171 185 1228 rent,
211 1155 266 1236 qui
283 1155 362 1236 ipsis
385 1177 400 1214 s
418 1157 545 1217 metulis
558 1172 680 1235 essent,
704 1175 819 1238 easque
842 1153 880 1214 ed
898 1150 1054 1236 crepitum
1070 1155 1190 1242 digito.

98 1263 167 1300 rum
190 1247 430 1319 supponerent3
461 1237 551 1302 flexis
569 1241 653 1302 enim
676 1241 821 1326 genubus
849 1237 1050 1303 subsidentes
1075 1263 1188 1325 aqueus

98 1326 241 1388 emisisse
258 1338 369 1408 netum
387 1339 451 1396 est,
475 1327 603 1407 saepius
621 1341 724 1386 temen
741 1327 835 1386 etism
854 1323 994 1384 vestibus
1012 1326 1188 1407 subductis,

99 1409 185 1491 quod
203 1401 426 1488 α’νασύροσθαι
440 1411 559 1486 ἐσθῆτα
574 1410 686 1486 Gresei
711 1411 832 1471 dicunt.
867 1408 1055 1472 vilissimum
1074 1411 1105 1470 id
1123 1429 1188 1474 eret

96 1495 221 1554 servitii
243 1512 361 1574 genus,
385 1491 463 1554 sdeo
479 1495 617 1579 *quidem
645 1507 680 1554 ut
700 1495 781 1576 apud
798 1494 966 1571 Plautum,
990 1497 1045 1577 qui
1060 1500 1189 1579 saepius

97 1579 192 1638 istius
210 1581 254 1638 rei
273 1577 435 1655 meminit,
459 1583 537 1640 elter
551 1578 590 1640 sd
607 1579 738 1640 alterum
756 1578 843 1638 diret
852 1623 862 1651 ,
874 1579 1018 1662 ⁸dignum
1037 1603 1100 1644 non
1121 1601 1188 1646 esse

98 1683 180 1735 eum,
206 1663 263 1744 qui
278 1661 340 1720 sibi
356 1667 502 1723 metulern
518 1665 672 1748 porriget,
695 1663 923 1748 indignissimo
945 1667 1067 1726 scilicet
1084 1667 1187 1748 ipsum

99 1749 250 1808 convicio
273 1747 490 1830 sdspernstus.
521 1747 573 1808 sed
592 1751 765 1809 clarissime
779 1749 812 1806 in
830 1749 885 1808 illo
900 1749 1028 1809 Arbitri
1044 1773 1187 1812 sonsum·

97 1833 291 1892 metissime'e
316 1827 479 1910 nequitiis
508 1833 670 1914 Satyrion,
705 1833 762 1892 ubi
794 1835 961 1891 Dimnleio
989 1837 1189 1896 lautissimus

37 1917 41 1924 ’
98 1917 187 1976 homo
204 1920 414 1992 concrepuisse
429 1919 548 2000 digitos
565 1917 714 1992 refertur,'
733 1917 780 1976 ad
792 1918 873 1996 quod
884 1921 1008 1997 signum
1028 1923 1188 1979 matellam

84 2001 200 2081 'spado
210 2002 336 2060 ludenti
349 2007 522 2080 supposuit.
565 2001 627 2062 Isti
643 2001 794 2061 dicuntur
811 2023 832 2060 ss
848 2003 967 2060 lacuna
984 2004 1015 2057 in
1035 2007 1189 2083 Antr'qus's

96 2085 366 2169 Inscrs'pts'onr'brss¹
387 2086 483 2145 seriis
504 2087 536 2146 in
552 2087 643 2164 loeis,
667 2098 703 2146 ut
718 2105 878 2168 epponere
896 2083 1063 2144 festinanti
1080 2085 1190 2147 errem-

95 2175 147 2254 ple
170 2191 239 2230 non
266 2188 346 2251 opus
368 2170 421 2230 sit.
453 2169 692 2246 himeraeum,
722 2172 785 2248 sis,
810 2171 843 2228 in
867 2169 978 2249 Pyrrus·
1010 2171 1188 2233 Glaesaria:

18 2257 19 2272 ¹
95 2258 272 2324 Lacernae,
296 2247 461 2335 όρὸᾳωμα,
481 2253 593 2340 ὀροφή.
638 2257 793 2324 Lunna.
815 2245 997 2337 οιῗροδὸχιον.
1029 2257 1188 2338 posterius

83 2355 219 2400 'nomen
241 2339 297 2420 qui
317 2359 380 2399 non
394 2358 527 2420 noverat
544 2363 613 2402 cum
627 2344 728 2402 sltero
743 2339 845 2421 priori
863 2337 1023 2400 confudit.
1047 2355 1078 2400 et
1097 2341 1188 2420 peius

94 2425 142 2483 illi
158 2441 268 2485 temen
285 2422 406 2501 sdhue,
431 2425 628 2510 qui'vulgste
642 2425 779 2487 retinere
793 2427 918 2484 volunt.
951 2425 1081 2484 Glossas
1096 2423 1188 2494 Mss,

93 2509 255 2584 Lacuna,
277 2511 419 2572 matula:
442 2525 477 2569 ut
499 2512 636 2591 smplius
659 2509 698 2572 tle
723 2508 782 2570 hec
806 2509 1039 2570 emecnlstione
1058 2529 1124 2570 nou
1148 2509 1191 2572 sit

93 2591 246 2654 dubium.
290 2587 589 2677 Oriundizssssutem
608 2615 700 2676 ssepe
714 2593 838 2668 Graeci,
864 2607 895 2654 et
908 2589 1103 2675 ου’ροδοχεῖον.
1126 2597 1191 2656 He-

94 2679 176 2758 syoh.
228 2673 407 2762 Οιῖροὸόχη,
428 2679 516 2756 sisic·
539 2680 739 2774 eundemque
758 2678 832 2741 vids
849 2679 883 2738 in
901 2677 1014 2762 Osinius
1027 2679 1125 2761 listis,
1144 2681 1190 2744 sio

95 2764 179 2823 enim
201 2775 236 2823 et
254 2781 312 2846 ego
331 2763 497 2844 legendum
516 2779 633 2849 putem.
713 2795 716 2804 ¹
1068 2791 1071 2798 ·

178 2845 322 2928 ieiunus]
357 2849 410 2908 De
432 2848 482 2909 his
500 2864 533 2911 et
548 2869 642 2929 snprs
658 2849 701 2926 V,
720 2869 772 2935 9t.
797 2846 923 2911 restitui
939 2851 1062 2926 locum,
1085 2853 1127 2922 εἰς
1141 2845 1191 2912 lrs'·

84 2952 170 3076 'gese
200 2953 242 2993 ex
266 2934 338 2996 MS.
375 2933 543 3018 legendum
572 2934 708 3013 docens,
751 2955 809 3018 pro
836 2937 968 3015 vulgato
1002 2937 1047 3008 εἰς
1070 2930 1190 3016 leyn'sss·

116 3037 276 3080 unounm.

180 3096 323 3183 λάσανα]
348 3101 443 3184 Quod
458 3101 513 3162 hic
527 3101 566 3164 tle
582 3093 936 3182 tssdvosrprobsnrlum
959 3097 1094 3180 suscipit
1123 3093 1198 3160 Pot'

95 3187 161 3267 lus,
184 3209 225 3248 ee
241 3187 364 3248 scilieet
388 3187 490 3246 fuisse
513 3187 700 3270 portatilis,
725 3186 896 3244 clarissime
917 3185 1022 3264 liquet
1039 3205 1077 3243 ex
1094 3190 1194 3246 lusn-

94 3269 265 3354 νοφόροις,
288 3293 369 3354 quos
387 3287 507 3336 veteres
528 3293 592 3332 non
607 3293 695 3332 secus
714 3291 749 3329 nc
766 3290 872 3329 servos
889 3291 905 3328 e
923 3269 1052 3328 merulis
1069 3264 1193 3327 hebue-

92 3371 179 3418 runt.
211 3355 407 3418 ‘facetissime
432 3355 559 3440 quiilern
576 3361 756 3436 Antigonus
777 3359 889 3426 serien,
912 3373 1004 3434 quern
1023 3373 1091 3412 eum
1109 3372 1193 3412 snm·

81 3441 153 3502 ¹usis
172 3441 328 3502 laudibus
351 3443 385 3500 in
409 3441 546 3525 quodem
570 3442 709 3502 termine
733 3439 901 3500 extulisset
921 3437 959 3496 sd
974 3442 1096 3498 coelum
1115 3433 1194 3495 Her.

92 3527 244 3587 nodosus
267 3525 415 3632 quidem,
437 3547 572 3609 eumque
591 3526 676 3588 Solis
696 3524 795 3586 lilium
818 3543 854 3582 se
869 3523 975 3582 Deum
992 3523 1194 3604 sppellssset,

76 3610 131 3676 ὀυ’
150 3613 284 3677 τοιαῦτα
306 3635 377 3692 μοι.
410 3611 536 3693 inquil,
561 3601 581 3677 ὅ
603 3609 814 3690 λασανοφόρος
836 3609 999 3672 evroldus
1018 3605 1196 3686 ῠῑὶᾸΘμῐθ

78 3711 142 3758 ἐει
163 3693 256 3780 epurl
280 3699 492 3757 Plutarchum
522 3697 561 3755 de
587 3697 670 3757 Iside
691 3711 722 3755 et
747 3692 887 3770 osiride,
918 3705 949 3752 et
970 3689 1003 3748 in
1031 3691 1198 3775 ¹Antigoni

93 3781 450 3862 Apophtlregmats'buse
472 3781 645 3862 utrobique
666 3777 870 3838 doctissimus
889 3777 1044 3852 Interpree
1060 3780 1197 3837 lunasn-

92 3865 195 3959 ᾳόρον
220 3868 377 3946 exponit.
402 3872 457 3948 qus'
479 3867 634 3925 matulam
647 3863 734 3944 sert,
759 3863 852 3923 eliter
873 3858 956 3934 hand
980 3857 1076 3918 dubie
1093 3859 1195 3918 fectu·

93 3973 149 4010 rus
167 3951 197 4011 si
214 3950 343 4034 legisset
362 3953 420 4012 ists
438 3953 579 4015 Polltses‘s
593 3950 693 4008 nostri
708 3961 763 4008 sut
776 3945 984 4007 meminisset.
1018 3964 1120 4023 neque
1138 3941 1195 4002 he·

95 4033 417 4114 buerssArsngonus
444 4038 478 4098 in
505 4034 612 4096 enimn
642 4031 681 4092 de
705 4033 759 4093 illa
793 4044 926 4090 usturse
954 4029 1195 4096 exoneratione.

93 4139 180 4205 quse
198 4139 257 4200 per
279 4122 415 4184 resinam
438 4123 498 4201 sit,
521 4119 576 4183 sed
594 4116 632 4182 tle
649 4121 746 4180 sltess
767 4135 843 4183 sero
861 4111 1051 4186 meminisse.
1094 4115 1197 4191 Hery-

129 4235 372 4298 serumst:
848 4215 1006 4290 vrrs,
