2834 4966
188 267 275 352 reos
382 219 393 240 ’
664 259 706 324 x.
750 265 802 328 ισ.

187 429 339 494 Codicarn
360 443 414 490 aut
435 427 474 490 ab
497 418 632 490 indocto
650 426 782 488 homine
803 425 996 507 descriptum
1014 425 1117 487 fuisse
1142 441 1287 509 oportet,

187 532 241 578 aut
257 513 427 598 insigniter
442 515 593 574 intricate
608 511 766 574 scribendi
784 511 882 570 ductu
898 526 1074 582 exaratum,
1098 511 1146 571 sic
1162 512 1289 592 uirique

186 601 357 662 lectiones·
377 599 447 659 eius
480 597 638 658 erroribus
668 598 830 658 involutas
864 593 1142 679 deprehendimus.
1200 597 1290 660 lllud

188 685 465 762 κατισιιιυασμιίσς
490 681 644 762 scriptum
670 682 735 741 fuit
760 683 821 754 lV,
842 677 912 760 385.
942 681 1227 760 κατεσκευασμένον
1252 682 1286 742 in

188 765 264 832 MS.
297 768 461 826 Solmoeii.
485 787 543 828 nee
567 763 598 824 id
625 767 720 826 etiarn
746 770 835 827 male.
864 766 961 848 vulgo
984 769 1288 846 κσισσκσυασμίυαιυ·

188 866 221 914 et
236 853 345 936 potnit
362 851 419 910 illo
436 849 530 911 modo
547 845 590 910 ibi
608 849 781 910 adduxisse
798 851 933 922 Pollue;
954 869 1023 911 nem
1040 853 1193 910 alterutro
1210 871 1289 914 sene
1404 843 1405 852 ¹

76 979 78 992 .
126 944 153 984 '-
189 942 261 996 loco
287 935 469 994 memoriter
491 933 569 994 haec
592 933 724 1011 citavit,
762 945 798 996 ut
824 932 1016 993 videbimus.
1048 935 1158 1013 potius
1182 947 1290 996 temen

191 1019 293 1080 lrabeo
315 1020 604 1100 κατεσκευασμένος,
628 1017 667 1080 tle
689 1019 781 1078 cuius
806 1017 894 1078 verbi
911 1015 1168 1100 significatione,
1193 1039 1290 1099 quam

191 1105 245 1174 hic
263 1103 399 1176 obtinet,
424 1103 475 1164 adi
491 1101 530 1164 ed
554 1101 651 1162 huius
670 1101 744 1164 libri
761 1123 857 1186 segra.
886 1100 932 1170 ..z
961 1102 1017 1160 ubi
1044 1104 1119 1160 talin
1143 1107 1292 1183 pluscula

192 1211 231 1250 err
245 1185 457 1248 Demosthene
475 1201 506 1249 et
521 1187 593 1247 eliis
609 1187 733 1260 notavi.
765 1201 831 1244 tum
857 1207 932 1246 vero
955 1187 1062 1246 textui
1087 1189 1294 1265 reposuimus

193 1277 225 1338 ίσ
238 1275 361 1358 χαλκαῖς
377 1271 457 1339 erden
476 1273 669 1348 Λσυσηρίσισ,
693 1271 743 1329 uti
757 1271 848 1332 MSS.
872 1283 1059 1353 agnoscunt.
1084 1291 1186 1353 neque
1203 1271 1304 1332 enim·

193 1355 275 1418 illud
300 1357 454 1441 ι’γχαλκυῐς
476 1357 706 1433 langermanni
723 1355 822 1416 nostri
844 1356 953 1434 probo.
984 1353 1057 1413 ride
1080 1353 1118 1415 de
1141 1377 1202 1415 usu
1226 1353 1293 1416 hoc

194 1443 333 1525 eleganti
351 1439 600 1522 praepositionis
615 1441 647 1503 ἐκ
665 1438 703 1497 ad
720 1460 814 1521 segur.
835 1437 887 1503 50.
912 1458 1006 1518 supra
1030 1459 1105 1498 vero
1128 1459 1187 1519 pro
1213 1449 1295 1522 χαι.
1404 1471 1405 1480 ¹

195 1527 436 1598 reicoxaratum
452 1540 519 1584 erat
536 1525 705 1603 λὰαιιρσῖς,
727 1529 765 1583 et*
781 1519 814 1580 id
835 1543 914 1600 pene
940 1521 1019 1582 huic
1044 1525 1177 1584 lectioni
1202 1546 1296 1606 prae·

195 1607 342 1686 tulerim3
363 1607 441 1688 quid
454 1606 539 1666 enirn
564 1610 596 1672 ἐν
609 1603 689 1672 πάνυ
708 1605 850 1690 χαλκσῒςλ
879 1629 951 1668 curu
967 1611 1062 1689 plane
1083 1609 1293 1672 commodum

195 1693 236 1752 sit
261 1695 295 1756 e'r
318 1688 398 1758 neiro
419 1693 585 1770 λαμπροῖς·
619 1691 815 1762 eedrcontra
840 1693 933 1756 MSS.
964 1712 1152 1754 consensum
1184 1693 1296 1755 obniti

195 1780 291 1852 nolo,
319 1775 479 1860 siquidem
503 1792 534 1838 et
559 1774 686 1838 tolerari
709 1777 811 1858 possit
835 1776 915 1836 illud
931 1779 1112 1858 ι’νχαλισῖς·
1134 1791 1166 1836 et
1182 1778 1299 1858 itaque

196 1854 232 1924 ui
260 1859 338 1925 πάνυ
362 1861 474 1922 referri
496 1861 598 1940 possit
623 1862 719 1923 etiam
741 1859 780 1921 ad
801 1859 1032 1943 λαμπρόιαισυ·
1054 1875 1091 1920 ut
1110 1860 1298 1948 neirulupr·
1404 1905 1405 1916 r

196 1943 343 2028 upo'raror
366 1947 473 2008 Attice
496 1947 601 2024 luerit,
622 1945 753 2006 dictum.
800 1947 951 2028 seqnitur
972 1949 1178 2024 ίξαλίσιρσις,
1209 1969 1299 2032 quae

197 2045 228 2090 et
249 2027 425 2112 ίξσίλσιιιιρσ
452 2029 656 2100 scribuntur,
689 2049 791 2114 neque
820 2035 923 2090 solum
951 2031 985 2089 in
1017 2052 1049 2090 re
1068 2029 1194 2092 Medica
1216 2049 1300 2094 eunt

197 2117 291 2193 usui,
311 2113 461 2176 aedesio
490 2114 669 2190 conviciis,
694 2116 811 2196 quibua
833 2131 1031 2196 unguentum
1054 2115 1299 2190 continebatur,
1404 2185 1405 2208 p

199 2201 249 2259 uti
267 2201 361 2261 docet
383 2221 422 2261 ex
443 2199 671 2278 Aristophanis
691 2198 945 2259 Acharneneibns
967 2199 1100 2278 Susidae,
1123 2215 1154 2260 et
1179 2201 1302 2260 Noster
1404 2211 1405 2260 l

199 2283 255 2358 vt,
285 2283 350 2346 106.
395 2283 605 2366 Subsequitur
628 2285 796 2358 κυλικίσισ,
826 2304 906 2364 quae
929 2289 1075 2366 capsulae
1096 2283 1298 2348 medicorum

197 2365 298 2438 ¹erant,
324 2367 503 2450 quibusem
528 2371 621 2428 laatra
641 2363 832 2429 condebant.
862 2367 987 2428 eaetlern
1003 2383 1034 2429 et
1052 2373 1238 2450 κυλιχνίδις·
1264 2389 1300 2432 et

198 2450 242 2509 ita
264 2471 434 2534 coaequam
456 2473 493 2515 κυ
523 2456 602 2531 plor
617 2451 866 2531 Fateksnsnrgtr·
888 2471 1050 2532 praestana
1068 2453 1180 2517 Codex
1197 2454 1299 2514 hebe-

199 2533 334 2611 batIV,
362 2533 427 2596 185.
459 2533 617 2594 videndus
641 2549 691 2594 est
712 2535 744 2592 in
769 2537 824 2597 illa
848 2554 926 2598 voce
949 2537 1081 2614 suedas,
1112 2537 1170 2619 qui
1196 2543 1299 2622 vulgo
1404 2555 1405 2610 l

197 2621 318 2695 πυξίδια
339 2617 403 2677 elici
425 2618 484 2677 ista
510 2621 635 2678 vascula
657 2617 766 2694 docet,
796 2623 829 2684 ἐκ
852 2623 898 2696 οἷς
916 2619 1115 2700 palummum*
1138 2619 1299 2700 πᾰσμω,
1404 2627 1405 2644 ³

198 2703 335 2780 nofilpin
350 2701 553 2762 Medicorum
574 2700 702 2782 scriptis
733 2705 873 2765 occurrit
893 2705 1097 2768 creberrime:
1120 2709 1205 2788 apud
1224 2711 1302 2770 tte-
1404 2729 1405 2744 ι

120 2806 129 2818 ·
197 2807 309 2848 manos
331 2786 445 2860 etiamr
472 2787 613 2851 Scribon,
636 2787 765 2866 Largus
788 2791 900 2870 Comp.
926 2791 975 2868 74.
1022 2793 1302 2854 &ruendum-on-

199 2884 261 2931 sem
280 2873 396 2952 pyxide
420 2869 531 2951 puseo.
561 2869 616 2931 aed
641 2876 777 2956 κυλιχυίς
802 2873 835 2933 iu
858 2877 1055 2955 Hippocrate
1076 2896 1222 2961 quoque;
1262 2879 1299 2940 in

203 2955 327 3017 Gtoesss
348 2957 456 3039 itaqua
479 2955 635 3020 Galenus:
665 2961 848 3041 Κυλιχκίιλα,
874 2959 931 3035 rrir
953 2979 988 3024 σε·
1015 2959 1142 3040 σμικράν
1172 2963 1298 3036 κύλικα,

200 3045 252 3108 eat
273 3039 328 3120 σηίι
353 3037 494 3122 ιάιρισιίκ
518 3039 685 3117 πιθάκσηκ.
716 3059 751 3104 ur
774 3043 943 3126 legendum
969 3059 1034 3124 est,
1064 3042 1117 3104 hic
1134 3049 1299 3130 apposui;

120 3154 123 3163 ·
199 3130 280 3188 mele
305 3126 390 3188 euim
413 3131 505 3188 locus
523 3125 578 3186 bio
598 3126 717 3194 editur.
741 3130 788 3188 aio
812 3129 935 3188 scilicet
958 3129 991 3198 in
1014 3129 1132 3212 scripto
1155 3131 1193 3192 de
1209 3135 1302 3194 Fru-

200 3215 302 3272 cturs's
321 3213 479 3294 κυλιχνίδα
498 3211 646 3292 reperies.
690 3211 752 3274 sed
777 3210 1016 3294 progrediemur
1034 3235 1146 3294 porro:
1169 3213 1301 3282 σικύας.

200 3319 249 3361 σιν
263 3309 401 3357 texture
420 3294 512 3378 nobis
530 3294 645 3357 habet:
663 3296 712 3365 ¹ite
738 3297 886 3356 nimirum
907 3311 992 3376 recte
1012 3297 1116 3360 literis
1136 3304 1299 3382 expressis

201 3379 448 3460 Falckenburgii
463 3377 574 3441 Codex
594 3381 651 3452 lv.
681 3379 746 3444 185.
770 3381 824 3442 iric
841 3402 916 3440 voro
936 3379 1093 3448 σικιίσσσιυ
1114 3381 1300 3467 adgnoscit,

201 3463 288 3546 quod
304 3481 338 3528 tu
352 3465 479 3547 quidem
505 3465 662 3542 immerito
684 3464 892 3546 adspernarie.
923 3480 960 3526 ut
978 3467 1062 3528 enim
1086 3490 1102 3528 a
1127 3469 1298 3530 cucurbita

200 3549 355 3610 medicum
388 3550 632 3610 instrumentum
662 3547 770 3624 σικύα,
812 3551 858 3610 sio
884 3571 949 3611 non
970 3552 1065 3612 aliter
1088 3550 1193 3615 dicere
1218 3553 1300 3614 lieet

201 3636 297 3710 σίκυς,
322 3655 392 3694 nem
411 3648 443 3694 et
458 3638 545 3708 σίκυς
562 3655 663 3714 aeque
681 3634 845 3694 cucurbita
864 3640 1062 3716 appelletur,
1083 3653 1180 3718 atque
1192 3635 1299 3704 σικύα·

200 3717 275 3778 vide
298 3718 447 3792 Genesar,
487 3719 647 3799 Colloquio
673 3719 894 3790 Scholastica,
931 3740 1012 3801 quae
1040 3742 1216 3783 aucensem
1242 3745 1314 3794 αις.Ι
1404 3755 1405 3760 1

153 3873 159 3888 δ
201 3817 338 3882 ponunt,
360 3818 393 3864 et
408 3799 608 3884 Ησιςσίιίασι,
632 3818 667 3863 ut
693 3819 883 3885 praeteream
898 3805 988 3866 alios.
1016 3803 1069 3864 aed
1085 3807 1182 3866 ceteri
1200 3807 1297 3870 MSS.
1355 3861 1366 3876 .

201 3905 270 3942 cunr
293 3883 428 3950 orroeon
446 3887 498 3946 hic
518 3891 628 3971 legans
642 3909 708 3949 uon
724 3887 818 3950 dubie
835 3909 892 3969 pro
909 3887 1044 3954 σιιιίσσισ
1053 3939 1064 3968 ,
1086 3890 1183 3952 facile
1199 3891 1300 3952 nobis
1404 3907 1405 3916 ¹

200 3967 234 4026 iu
257 3971 439 4034 memoriam
454 3968 714 4048 reducuurlillam
731 3971 891 4035 scribendi
909 3973 1213 4060 prouunoirudiqne
1229 3973 1300 4038 effi·
