2784 4970
225 302 308 424 tut
687 351 742 416 tx.
789 334 859 423 113ss
942 442 944 452 Ι

207 602 211 620 ”
310 605 378 714 ἡδέ
391 610 521 691 puirdu]
546 607 581 668 C.
600 607 639 671 Α.
655 611 723 694 περὶ
737 531 876 689 bbddduc·
918 617 1027 670 Kuuutt.

309 719 331 774 η
347 696 379 760 di
392 693 523 776 μυΐνὸα]
546 692 700 775 Sequitur
714 697 856 776 Myinda,
879 713 972 776 quem
984 697 1028 753 H.
1044 693 1235 754 Iuniuscum
1250 701 1327 775 χαλ·

226 785 268 866 κῆ
277 783 351 862 putu
374 777 554 842 confundit.
583 799 649 838 non
668 800 745 839 vero
758 795 795 840 et
808 779 941 852 Pollux,
965 771 1001 839 rit
1015 793 1103 860 patet
1117 793 1160 839 eat
1176 777 1218 837 iis
1234 799 1327 862 quae

126 877 131 882 '
226 879 404 947 sequuntur
426 883 522 946 eegm.
547 859 616 926 ηδ.
659 866 702 925 Et
714 856 900 946 ¹Hesychius
918 863 1014 926 etiam
1036 860 1128 922 ambo
1144 864 1323 944 seperatim

227 949 378 1032 explicet.
422 955 501 1011 Iuste.

311 1028 332 1114 ἡ
349 1035 380 1097 di
396 1036 506 1112 poinde
521 1035 598 1116 ctu]
620 1032 695 1094 Non
712 1044 759 1093 est
774 1029 921 1116 equidem
933 1029 996 1092 boc
1011 1045 1082 1094 toto
1092 1035 1198 1114 capite
1212 1037 1322 1114 locus,

226 1116 255 1182 si
275 1117 357 1180 mibi
378 1115 497 1194 credie,
522 1117 577 1200 qui
599 1118 740 1198 scrupuli
764 1128 857 1200 etque
876 1115 1065 1178 celebratum
1091 1121 1163 1196 plus
1184 1115 1319 1188 babeat,

250 1201 391 1278 uernhio
407 1203 477 1280 ipse
490 1200 530 1262 de
544 1200 683 1282 myiuds.
710 1214 742 1263 et
755 1205 932 1262 Meursc'um
949 1219 1078 1284 quoque
1092 1199 1125 1262 id
1142 1201 1247 1282 ipsum
1265 1203 1320 1261 vi·

227 1226 353 1352 dentem
367 1283 538 1346 difficultas
555 1285 742 1364 absterruit,
772 1285 907 1368 nequid
925 1287 959 1344 in
975 1307 1012 1346 eo
1027 1299 1174 1347 tentaret.
1203 1287 1321 1367 poenit

227 1375 339 1455 itaque
353 1385 474 1430 tentum
491 1373 626 1452 paucula
643 1369 751 1450 verba,
774 1391 917 1456 quaeque
931 1369 1087 1431 faciliora.
1110 1386 1143 1432 et
1157 1371 1213 1430 ulii
1226 1391 1319 1454 quo.

248 1479 288 1520 ue
299 1475 409 1516 manue
419 1453 618 1518 abstinuere
639 1459 727 1531 solua,
738 1451 950 1536 Bulengcrue,
971 1459 1006 1516 e'n
1022 1455 1142 1514 Graeco
1156 1456 1318 1534 Pollucis,

227 1543 348 1626 inquit,
375 1559 458 1599 error
471 1551 528 1614 eet,
552 1561 642 1622 quem
653 1544 703 1600 ito
722 1544 867 1599 restitue:
891 1535 996 1606 αὐτίκα
1008 1537 1168 1620 καταμύειν
1183 1535 1319 1622 ἄιὲαγκᾶ.

227 1619 1318 1792 bittuntttitnz'uttut‘ttutu.tutu

228 1739 248 1777 α
1304 1751 1316 1765 .

225 1812 302 1858 nere
319 1815 447 1876 quoque
462 1735 583 1876 reliqud
599 1775 718 1874 placet,
742 1793 859 1876 quibus
881 1794 981 1876 ipsum
999 1792 1069 1852 ludi
1081 1737 1236 1855 rabonem
1256 1819 1316 1856 ex-

225 1878 332 1966 ponit,
356 1877 440 1938 unde
458 1879 576 1960 poterit
592 1877 742 1961 intelligi,
764 1899 856 1958 quem
871 1880 1020 1938 Polluoeo
1032 1882 1105 1938 loco
1121 1899 1248 1940 sensum
1265 1901 1316 1940 so·

227 1961 425 2028 commodet:
457 1963 497 2023 In
518 1962 652 2022 Graecis
679 1965 713 2022 in
739 1963 872 2045 Myinda
900 1985 982 2024 unus
1002 1965 1122 2043 aliquia
1146 1968 1316 2025 connivens

227 2051 347 2126 oculis,
369 2049 458 2106 uocis
485 2052 643 2108 sociorum
668 2049 830 2123 observat,
852 2061 883 2106 ct
902 2069 1113 2128 quemcunque
1141 2047 1315 2128 eufficgien·

227 2139 308 2194 tt'um
332 2137 519 2211 arripuerit,
549 2133 632 2193 dunc
659 2137 818 2192 connivere
840 2137 977 2212 cogitet
998 2137 1207 2192 conniventem
1236 2155 1316 2194 cusu

228 2221 404 2280 occultatos
418 2219 576 2292 invenire3
597 2219 628 2275 ei
643 2229 749 2276 tamen
763 2219 950 2276 nomenoius
966 2237 1053 2296 quem
1067 2217 1315 2296 apprehenderit,

227 2304 392 2380 diuinorr'c.
426 2303 630 2382 interpretem
648 2301 717 2383 egit
731 2301 869 2362 Pollucis
884 2304 934 2360 vir
945 2300 1171 2379 Doctiseimue,
1181 2303 1235 2362 sed
1250 2325 1315 2364 nou

224 2406 396 2470 sanequem
421 2381 540 2464 ubique
559 2383 697 2458 felicem,
719 2384 804 2468 quod
821 2387 947 2466 planius
972 2386 1143 2464 constabit,
1163 2407 1246 2464 cum,
1264 2409 1310 2450 re·

227 2472 344 2531 stituto
358 2473 443 2547 loco,
465 2488 590 2529 sensum
605 2468 674 2527 eius
687 2489 892 2550 exponemus.
915 2469 1084 2554 hicitaqne
1096 2471 1189 2531 simul
1205 2474 1314 2532 omnia

227 2556 491 2636 complectamur,
520 2571 560 2612 ue
582 2551 706 2632 singule
727 2553 858 2615 seorsim
884 2555 1031 2637 persequi
1049 2557 1091 2616 eit
1108 2575 1200 2635 opus.
1246 2558 1313 2619 Ubi

227 2639 290 2698 iem
307 2635 386 2718 legis
401 2657 418 2698 e
433 2635 526 2700 MSS.
542 2657 611 2695 cum
628 2639 784 2712 Kuelrne'o,
812 2635 979 2716 Φυλάπου,
993 2644 1063 2722 doci,
1078 2653 1150 2700 ante
1165 2661 1226 2702 nos
1236 2656 1314 2719 eret,

228 2717 513 2805 puidnerou'dooiu,
545 2719 819 2804 quodeulmgero
838 2725 1018 2806 expositum
1035 2703 1198 2798 ‘vidimue,
1222 2749 1314 2788 voces

227 2809 384 2868 sociorum
406 2805 554 2868 observat.
585 2803 639 2865 sed
663 2810 729 2867 sola
755 2829 825 2868 rere
845 2823 892 2868 est
913 2809 1005 2872 MSS.
1028 2809 1135 2871 lectio.
1180 2811 1218 2870 Iu
1243 2813 1312 2872 istie

228 2883 337 2956 udum
355 2887 514 2968 καταμὺειν
529 2889 622 2953 MSS.
645 2893 820 2952 Palatinus
839 2907 871 2954 et
893 2895 1045 2954 Salmasii
1067 2887 1312 2975 ἆντικαταμὺειν·

139 3000 145 3013 ’
226 2990 260 3038 et
274 2973 336 3035 boe
351 2973 478 3058 quidem
492 2975 636 3058 egregie:
652 2973 706 3036 eed
720 2987 824 3036 temen
841 2972 949 3042 αὐτίκα
965 2978 1061 3039 ceteri
1069 2979 1159 3041 MSS.
1174 2995 1314 3064 cervant,

228 3057 315 3144 quod
331 3060 440 3143 itaque
456 3079 519 3120 nou
535 3059 736 3140 expulimus3
759 3076 792 3121 et
809 3063 1047 3143 appositissime
1063 3079 1220 3126 remanet:
1242 3089 1314 3146 pro·

225 3149 312 3206 tinus
328 3148 363 3204 in
381 3145 433 3204 eui
447 3146 548 3203 locum
560 3145 722 3203 succedere
735 3150 836 3226 cogit:
865 3153 959 3225 plene
975 3153 1182 3229 atqueplane.
1207 3149 1314 3212 hacte-

222 3237 288 3290 'nus
308 3230 364 3290 itta
386 3229 493 3288 facilia
516 3227 610 3306 antis3
634 3249 714 3334 quae
734 3243 918 3314 sequuntur,
940 3231 1191 3295 intricatissime.
1215 3237 1316 3296 Kueli-

228 3317 300 3374 niue
313 3312 352 3373 ad
368 3333 454 3373 oram
469 3313 519 3372 eui
529 3311 620 3374 tibris
642 3317 725 3391 quoi
739 3315 835 3395 μύσας
847 3317 1040 3396 κρυφθέντας
1056 3313 1257 3400 ἅνερευνῆσαι
1269 3321 1314 3400 pi·
1374 3329 1375 3334 ’

225 3423 275 3483 ppt
299 3397 444 3486 φωράσῃ·
475 3419 545 3456 nem
568 3398 601 3456 in
624 3399 710 3462 Edit.
736 3401 839 3458 Basil.
866 3403 946 3461 mule
966 3398 1105 3484 φορᾶσῃ·
1129 3403 1183 3464 aed
1205 3404 1313 3465 multi!

228 3483 414 3544 nominibus
440 3481 593 3562 praeferri
616 3497 773 3558 meretur,
806 3503 899 3564 quam
922 3486 1033 3546 attulit
1058 3486 1314 3549 emendationem

229 3569 481 3647 Iungcrmonnua
499 3581 623 3639 noster,
656 3565 813 3648 siquidem
834 3565 873 3626 ad
892 3569 985 3630 MSS.
998 3572 1168 3634 lectionem
1183 3571 1315 3636 accedat

189 3697 206 3732 0
227 3651 373 3734 propius.
413 3666 519 3714 textus
546 3650 654 3732 itaque
680 3653 726 3710 sic
749 3651 851 3715 habet.
881 3653 1003 3714 editum
1026 3655 1090 3714 tuit
1110 3653 1316 3735 antenoan

227 3735 378 3818 μύσαντος
393 3737 582 3818 κρυφθέντος
598 3737 808 3815 (κρυφθέντας
819 3735 978 3797 editiones
992 3739 1161 3800 Seberiona
1172 3743 1313 3824 priores)

181 3816 185 3845 ¹
227 3827 245 3858 *
260 3817 422 3901 ἆνευρῆσαι
437 3823 519 3902 μέχρι
535 3817 672 3903 φωρόσῃ.
716 3823 796 3880 Tum
810 3823 1028 3902 supplevimus
1044 3847 1062 3885 e
1079 3825 1171 3889 MSS.
1186 3849 1314 3890 sensum

228 3905 348 3966 inserta
364 3905 511 3986 sequenti
526 3899 659 3982 periodo
669 3910 782 3966 vocula
799 3894 845 3971 od·
868 3921 966 3988 etque
981 3921 1210 3987 protenuscum
1219 3909 1313 3972 MSS.

229 3993 390 4075 xpoodu'ip
413 3989 597 4063 metuimus,
628 4009 720 4068 quem
744 4011 814 4050 oum
840 3991 978 4071 vulgatis
1000 3998 1159 4075 προδείξη·
1182 4011 1215 4058 et
1238 4015 1313 4055 most

230 4073 291 4134 tibi
307 4075 464 4136 rationem
479 4070 590 4130 dicam.
621 4073 746 4134 tandem
762 4095 839 4135 vero
855 4073 952 4139 Mus.
968 4061 1132 4140 beneficio*
1142 4093 1217 4161 poet
1232 4067 1315 4164 pbr·-

1283 4308 1287 4316 ἱ
1371 4283 1373 4302 Ι
