2834 4966
377 315 380 336 ¹
476 433 485 448 ¹
541 361 583 431 x.
628 369 678 432 cu
1072 373 1151 436 rem

147 526 320 614 Ἀθήνῃσιν
332 529 365 596 di
377 526 430 598 clv
445 527 521 617 lete
533 526 642 614 alleles
654 557 679 624 c.
688 533 704 616 ]·
728 529 796 598 MS.
808 529 982 623 ’Ἀθήνῃσιν
995 537 1026 602 dl
1039 527 1080 619 ἦν
1093 533 1154 600 ain·

66 619 226 700 spudeslou
240 615 333 694 stuic,
353 613 431 681 leae
443 613 529 710 ὕδωρ
546 619 706 700 &crispans
722 645 755 684 n.
799 621 839 682 Et
854 619 1022 703 legendum
1037 620 1075 682 ed
1085 621 1154 686 MS.

65 703 257 783 scripturam
271 715 369 783 puto:
388 696 543 792 Ἀθήνῃσι
558 704 591 768 di
605 696 645 785 ἦν
655 699 732 784 tinio
747 699 873 796 sidpeiou
885 703 969 781 stede
978 703 1057 770 ὅπου
1071 705 1154 791 ὕδωρ

63 789 239 870 ἔπιξιχεῖτο.
260 788 440 868 nolepe'scl
454 803 515 850 etc.
542 801 627 850 certe
641 793 805 874 vulgatum
821 787 876 870 τήν
890 789 1074 852 mendosum
1096 807 1153 861 est,
1199 832 1207 846 .

61 865 105 956 ἦν
120 873 217 934 ctiam
233 871 267 930 in
282 869 460 948 editeFlor.
481 885 564 934 recte
580 871 701 934 editum
717 887 774 934 est.
818 881 898 937 lure.
1269 919 1290 937 .-

48 1011 54 1026 ,
149 951 512 1039 Ἀθήνῃσιδῦτόνοισ.]
543 957 666 1018 Locum
688 956 775 1018 huuc
798 959 837 1019 ad
860 959 951 1020 MSS.
968 958 1153 1022 emendavit

62 1038 120 1123 ede
137 1061 195 1122 pro
209 1035 251 1124 ἦν
265 1039 330 1100 fuit
344 1056 418 1102 aute
439 1061 498 1102 uos
517 1041 550 1102 iu
574 1055 675 1106 testu.
709 1039 817 1125 idpiov
831 1043 948 1104 scribas
965 1065 1004 1103 au
1017 1041 1153 1128 ridpriovj

62 1147 176 1210 parum
192 1125 306 1207 refert,
327 1125 487 1208 posterius
499 1139 613 1204 tameo,
623 1124 711 1208 quod
726 1127 771 1187 iss
787 1129 881 1190 Mss,
894 1127 1053 1204 habereut,
1067 1151 1153 1210 prae·

64 1211 152 1356 tuditi
176 1210 355 1292 ieefiszelses
376 1231 435 1292 pro
457 1212 583 1294 tnqstse
604 1225 794 1293 apposuerat
810 1211 941 1276 Codicis
953 1214 1004 1273 sui
1018 1213 1154 1298 margini

61 1299 93 1354 Κ
153 1300 238 1357 ntes.

150 1375 333 1464 eiseldysos]
360 1379 434 1444 Ms.
449 1379 564 1442 iterum
579 1376 777 1468 dualeyiieu·
799 1397 838 1445 ut
852 1381 948 1446 scribi
960 1397 992 1446 et
1005 1382 1061 1446 bic
1077 1397 1156 1470 pot-

63 1479 132 1540 est,
148 1484 226 1524 sana
237 1465 265 1525 si
285 1463 382 1527 ruodo
398 1463 430 1524 id
446 1467 606 1547 receperis.
651 1475 732 1529 Iuno.

149 1545 332 1634 eiseliysor]
353 1547 443 1612 Beue
459 1571 546 1612 vero.
569 1550 623 1612 sed
637 1553 729 1618 MSS.
746 1553 839 1635 sequi
854 1552 1155 1634 potiusccueultuus

63 1633 164 1710 duxi,
189 1635 246 1716 qai
268 1631 444 1719 dveteystev
463 1631 571 1696 ethio
593 1651 625 1698 et
650 1636 683 1696 iu
700 1637 847 1719 proximo
867 1641 941 1698 loco
964 1653 1154 1723 agnoscunt.

63 1715 232 1803 &retieret
246 1732 350 1780 tsmeu
372 1719 406 1778 iu
423 1720 593 1780 Philoxeni
602 1719 736 1804 Glossis,
751 1722 1154 1804 expossitorquemanuals.

64 1803 142 1886 Ipse
167 1801 207 1864 de
229 1801 362 1865 cenibil
382 1806 519 1886 emplius
538 1804 616 1864 alibi
633 1805 748 1890 legisse
769 1807 945 1884 succurrit,
969 1828 1060 1890 quam
1073 1829 1155 1892 quae

63 1887 164 1949 tradit
181 1890 300 1948 Auctor
314 1902 439 1953 noster.
463 1904 494 1950 ct
507 1889 603 1967 alibi,
626 1908 738 1972 spero,
761 1889 800 1952 de
813 1893 975 1982 Διογενείῳ
991 1885 1155 1982 riuuloyslp

61 1977 154 2058 plura
175 1971 343 2036 docebant.

147 2053 314 2136 Ἐρατοσθ.
330 2059 435 2133 latoio
446 2057 514 2140 strui
529 2059 708 2141 Κωμῳδίας]
731 2060 915 2120 Athenaeus
925 2057 1156 2122 laudatlibrum

63 2142 124 2206 xl.
148 2143 365 2204 Eratosthenis
377 2145 445 2224 secel
462 2145 628 2224 Κωμῳδίας
644 2141 813 2206 tit.x1.c.
832 2145 878 2210 si.
920 2153 1030 2204 Russus.

149 2222 317 2308 Ἐρατοσθ.
334 2229 366 2292 iv
381 2237 444 2302 sole
456 2251 489 2291 n·
508 2231 612 2310 Kree]
635 2229 766 2289 Nullum
782 2251 848 2290 neu
865 2225 1059 2292 eruditionis
1074 2229 1157 2289 auti-

63 2331 150 2395 quac
165 2331 266 2394 genus
283 2313 432 2396 attigerat
447 2311 533 2372 baud
548 2333 782 2395 superuacaneo
802 2311 909 2374 labore
925 2313 973 2374 vir
986 2313 1041 2374 bic
1055 2310 1157 2374 uudi-
1191 2330 1194 2338 ·

62 2393 1024 2566 tltlliltllltlltlt'ltl'ltttltlltll'llllt
1035 2399 1157 2547 llll

64 2565 303 2650 adgnoscimus,
319 2561 356 2627 rit
372 2569 500 2628 illorum
516 2564 599 2627 nibil
613 2567 888 2652 fermequicquam
902 2567 941 2627 ed
952 2581 1074 2629 uestras
1085 2589 1158 2650 per·

64 2649 195 2714 seuerit
219 2670 346 2730 mauus3
374 2649 532 2734 siquidem
553 2671 592 2712 ex
612 2650 675 2713 boc
697 2653 789 2714 fonte
811 2673 881 2714 cum
902 2673 958 2713 sua
977 2651 1158 2715 derivarent

2 2789 3 2806 ,
64 2735 225 2812 certatim,
248 2734 354 2797 utillo
370 2736 475 2796 miuus
492 2756 573 2815 opus
587 2751 668 2798 esset
681 2733 866 2814 effecerunt,
884 2736 971 2820 quod
987 2759 1035 2800 me
1049 2735 1158 2801 iudice

65 2821 136 2882 fuit
147 2819 182 2877 iu
199 2839 303 2899 sauss,
326 2833 364 2881 ut
378 2820 480 2902 ipsius
496 2821 712 2882 Eratosthenis
726 2823 842 2904 scripte
859 2821 954 2882 cedro
970 2820 1157 2906 dignissima

61 2903 191 2988 posteri
208 2905 422 2990 negligentius
439 2903 619 2982 habuerint,
645 2921 742 2987 atque
758 2905 887 2966 interire
900 2906 966 2964 siut
981 2908 1071 2979 passi.
1116 2905 1158 2967 Iu
1286 2977 1292 2986 ,
1415 2961 1416 2974 ,

63 2988 140 3050 istis
156 3007 306 3070 perquam
322 2989 459 3050 celebres
473 3003 549 3048 sunt
563 2987 602 3051 de
620 2985 790 3051 Comoedia
813 2989 903 3064 libri,
926 2988 1042 3072 quibus
1064 2989 1157 3051 illum

61 3073 104 3136 de
129 3085 265 3155 utreque
285 3072 470 3154 Comoedia,
484 3073 585 3134 veteri
600 3087 634 3133 et
648 3093 743 3151 nora,
757 3086 904 3155 putamus
919 3073 1034 3156 egisse,
1057 3093 1159 3156 esque

62 3159 108 3220 dc
134 3177 228 3218 cause
249 3177 342 3239 saepe
363 3159 456 3219 altari
478 3157 608 3218 solitum
628 3159 904 3218 Eratosthenem
928 3159 1158 3218 Grammaticis

60 3243 137 3326 περὶ
151 3237 277 3323 α’ρχαίας
288 3247 483 3322 Κωμῳδίας,
511 3239 597 3326 quod
613 3258 645 3304 et
661 3241 699 3302 de
717 3263 801 3304 uasa
819 3242 948 3324 scriptia
964 3241 1158 3304 tradidisset.

61 3347 177 3408 neque
192 3339 313 3388 tautum
329 3329 375 3388 ibi
389 3329 423 3388 iu
439 3328 525 3388 illam
541 3325 691 3388 incubuit
706 3347 830 3404 curam,
852 3341 889 3388 ut
908 3341 1091 3410 argumenta
1107 3326 1160 3385 fa-

61 3411 215 3474 bularum
238 3428 491 3497 persequeretur,
522 3431 649 3496 qaoque
669 3410 804 3474 docente
823 3411 961 3473 fuissent
980 3410 1014 3470 iu
1032 3431 1159 3474 saeuum

62 3497 176 3571 dates,
190 3493 244 3556 sed
260 3511 293 3558 et
307 3497 346 3559 de
362 3495 495 3558 vocibus
508 3497 540 3556 in
559 3494 733 3558 Comoedia
748 3495 848 3558 veteri
867 3493 1030 3574 obsoletis,
1049 3516 1160 3577 quem-

60 3579 681 3748 tt:..llttl'lttttt'sst,litttll
697 3577 1161 3746 tlltt‘llllrtttlli‘

61 3751 127 3814 ubi
147 3751 294 3812 meminit
305 3749 389 3812 illam
407 3770 481 3812 reus.
504 3751 604 3831 petita
624 3749 749 3834 quoquc
766 3771 809 3810 ess
823 3746 1066 3812 Commentariis
1076 3715 1159 3832 istis:

62 3855 157 3921 quae
170 3835 204 3894 iu
221 3837 320 3896 altero
337 3837 439 3895 Pacis
455 3835 683 3914 Aristophanis
697 3836 889 3916 Argumenta
902 3837 1061 3917 leguntur.
1105 3837 1159 3897 Se.

63 3919 232 4006 quebstur
244 3917 278 3980 iu
294 3919 434 4005 vulgatis
451 3915 491 3993 ὥς
503 3923 559 4002 [χει
572 3919 635 4002 μὲν,
653 3915 730 3980 satis
746 3921 854 4000 inepte
871 3917 910 3979 sd
924 3939 1060 3980 sensum,
1079 3919 1160 3982 beue

61 4005 171 4072 MSS.
188 4005 320 4086 ἔχοιμιν·
350 4005 398 4065 sic
420 4005 523 4066 textui
541 4002 676 4066 reddidi.
708 4004 852 4088 quamuis
869 3993 1049 4087 e'restigiis
1063 4003 1158 4066 istius

61 4089 225 4158 lectionis
248 4107 370 4154 struere
389 4089 500 4154 liceret
518 4091 596 4178 igere
612 4086 688 4178 eie,
718 4103 816 4173 prout
835 4089 980 4176 sequitur
998 4083 1100 4176 εὕροις
1119 4087 1160 4158 cis
