2834 4966
568 381 624 491 lt.x
653 403 704 466 ιι.
1093 395 1186 488 tito

91 565 147 626 oiri
163 563 207 625 'de
223 565 300 624 sella
329 560 432 626 doruli
454 567 626 650 usurpator
645 569 821 652 διφρίοκος,
850 571 1062 635 extatstatim
1083 569 1184 635 initio

91 649 472 712 iudicataeComoediae:
509 674 514 684 ·
576 677 581 686 ·
616 677 619 685 ¹
706 677 713 694 =
759 675 764 682 ·

253 743 329 812 τρεῖς
343 744 415 816 μναῖ
429 737 601 815 διφρίσκου.
624 738 673 800 καὶ
685 741 805 820 τροχοῖν
814 734 949 825 Ἀμυνίᾳ.

90 821 203 881 Postea
218 817 304 879 nude
319 822 482 880 recenseri·
495 838 573 902 puto
588 821 673 901 apud
693 839 854 896 nostrum,
879 839 915 898 ut
932 825 964 882 iu
981 825 1051 889 MS.
1068 840 1125 902 est,
1141 829 1183 891 δί-

86 921 165 990 'pom
181 899 331 979 ὀκλαδίαι,
357 923 488 985 quorum
509 907 630 979 tuentio
649 923 681 967 et
696 928 790 989 supra
808 909 872 982 111,
888 927 939 994 90.
964 925 1029 970 tum
1046 933 1184 996 sequun·
1308 907 1311 922 '

87 987 369 1072 turoliudgeuos.
413 999 493 1055 luuo.
526 1007 528 1012 ’
779 1005 802 1016 “’

173 1075 206 1137 ἐν
223 1075 388 1154 Νεφέλαις]
414 1063 521 1156 Ipsum
538 1075 657 1134 Comici
665 1079 779 1136 uom'sn
795 1075 878 1137 afuit
895 1099 910 1136 a
928 1081 1078 1164 vulgatis,
1096 1081 1184 1164 quod

89 1158 213 1221 etiamsi
233 1177 264 1218 se
281 1159 376 1217 facile
399 1158 529 1238 produt,
562 1159 740 1222 addendum
763 1177 867 1221 tomen
893 1163 976 1235 fuit,
1001 1169 1183 1229 volentibus

89 1247 130 1306 its
147 1243 242 1323 MSS.
260 1263 323 1302 nou
343 1265 417 1305 vero
436 1265 485 1304 me
504 1245 607 1328 fugit,
631 1247 788 1325 saepius'a
806 1245 1027 1322 Grammaticis
1043 1251 1183 1314 fabulam

85 1332 227 1409 sliquam
253 1327 390 1387 nobilem
416 1330 555 1388 auctoris
576 1330 693 1389 omisso
715 1333 845 1392 nomine
862 1331 977 1390 adduci
996 1339 1114 1413 solere3
1136 1351 1182 1396 at·

83 1419 192 1490 ‚limen
211 1410 242 1470 id
260 1414 389 1472 Polluci
404 1413 436 1470 iu
453 1434 539 1473 ruore
557 1435 620 1473 nou
638 1429 684 1473 est
699 1419 851 1495 posit'um.
897 1421 1017 1498 Δίφρος
1038 1415 1184 1500 ὀρμιὶτιορ

86 1517 190 1560 terum
208 1495 419 1556 Romanarum
437 1497 566 1558 Graecis
582 1498 791 1582 scriptoribus
808 1503 1012 1563 ιιίίαοιιιιιίίι
1027 1506 1182 1584 appellari

86 1581 273 1649 cousuevit,
298 1586 346 1640 vel
368 1587 470 1642 solum
486 1584 579 1644 etium
602 1589 726 1666 δίφρος,
748 1601 783 1644 ut
800 1605 816 1645 a
835 1586 988 1662 Polybio.¹
1010 1591 1183 1670 Aelianum

85 1669 119 1728 in
143 1669 288 1726 Tootics's
301 1662 630 1748 θρόνουςριοιιιὶιικοιο
648 1690 710 1727 non
727 1670 928 1730 incommode
946 1675 1102 1733 succurrit
1119 1695 1183 1736 me-

85 1751 215 1812 morias.
247 1752 294 1809 sio
313 1767 344 1812 et
368 1750 400 1809 iu
416 1753 567 1814 *Gloisisr
600 1750 728 1814 differre
751 1755 824 1814 v‘ero
849 1759 959 1838 δίφρος
980 1754 1128 1836 depictor·
1143 1769 1182 1820 eo

86 1841 196 1918 purim
219 1855 234 1894 s
255 1839 374 1922 δίφρῳ,
399 1836 484 1920 quod
500 1836 556 1895 hio
575 1835 605 1896 e't
619 1839 781 1920 portatilis
797 1854 952 1908 esset..et
976 1839 1014 1900 ad
1038 1841 1182 1903 cubiculi

88 1917 303 2000 commodum,
327 1918 623 2000 υηδθδιφρηφὸροι,
646 1925 734 1997 aller,
757 1925 868 2000 δίφρον
879 1919 1024 2005 ἇρμᾶτιον
1040 1927 1182 2008 inquam,

85 2025 150 2068 oon
173 2003 238 2064 uisi
257 2003 295 2064 ab
315 2005 504 2064 animalibus
520 2004 708 2074 traheretur.
732 2022 787 2066 aot
811 2009 917 2066 currui
937 2024 1058 2068 tantum
1082 2013 1184 2090 impo-

85 2105 234 2162 neretur;
259 2105 328 2149 uam
343 2104 373 2150 et
389 2087 533 2154 curribus
549 2089 715 2166 impositas
733 2089 854 2168 iirisse,
879 2111 960 2172 quae
973 2091 1196 2174 eximi²pote-..

84 2189 176 2246 rsut,
205 2177 297 2235 sellas
320 2187 455 2235 constat.
487 2173 563 2234 vida
580 2175 769 2258 Saltefferum
789 2173 950 2236 homiuem
966 2176 1126 2238 eruditum
1143 2178 1182 2241 de

83 2257 263 2321 lieVehio.
282 2258 335 2320 lib.
353 2257 398 2317 ll.
423 2275 449 2321 o.
479 2251 527 2319 165
546 2259 657 2340 inquo
676 2257 804 2342 quidem
819 2256 951 2346 ¹egregio
970 2282 1083 2356 opere²
1109 2277 1183 2324 utut

84 2345 224 2430 plurima
250 2342 288 2404 de
311 2341 469 2403 vehiculis
491 2359 522 2402 et
549 2343 692 2404 curribus
720 2346 931 2428 congesserit,
956 2351 1052 2407 multa
1076 2362 1181 2408 tameo

84 2427 233 2490 omisisse
250 2429 435 2510 frequentet
448 2427 593 2507 pluribus
613 2429 645 2487 in
667 2429 748 2490 locis
770 2429 990 2492 animadverti.
1021 2431 1059 2492 de
1081 2435 1182 2514 δίφροι

83 2527 201 2586 sotem,
226 2513 358 2594 umque
372 2533 430 2570 usu
447 2511 793 2596 ιιιοιιιοωιοιιιιοιι
810 2517 903 2595 primi
918 2501 1179 2600 upumpumo‘.

80 2598 219 2678 Proprie
236 2617 311 2657 vero
327 2599 488 2678 διφρίσκον
506 2593 669 2670 (1ίοίζύδί
691 2583 873 2658 consistriut
890 2603 1036 2683 aurigae.
1064 2603 1183 2662 Suidm

81 2685 113 2742 iu
130 2683 195 2742 bno
210 2694 288 2740 voce
299 2679 457 2751 dccet,'sd
477 2681 579 2762 ipsum
595 2683 684 2741 illum
701 2685 932 2765 Aristophanis)
945 2679 1034 2766 quem
1051 2687 1104 2748 hic
1119 2689 1182 2747 No·

64 2781 143 2828 'ster
159 2767 197 2826 in
217 2768 319 2825 oculis
335 2763 441 2838 habet,
465 2768 604 2826 animum
622 2767 791 2838 intendens
804 2775 928 2848 locump
952 2787 981 2829 et
995 2769 1032 2830 sd
1050 2772 1110 2830 ista
1127 2773 1181 2831 Co·

81 2852 156 2914 mici
186 2847 377 2910 Scholiasta
402 2851 552 2934 antiquus
572 2850 610 2909 de
632 2855 731 2938 δίφρῳ
746 2851 853 2914 eadem
870 2853 1023 2919 observat.
1068 2855 1183 2938 Neque

78 2934 288 2998 solummodo
310 2937 471 3014 διφρίσκος
487 2931 722 3014 ὑποκοριστικῶς
737 2957 752 2995 a
768 2939 878 3020 δίφρος
894 2938 1105 3013 diminuitur,
1127 2938 1182 3001 sed

79 3039 110 3082 et
127 3025 260 3102 disposuit
275 3019 358 3100 apud
375 3019 580 3081 Suuoltac'tem
596 3021 834 3100 Aristophanis,
855 3041 891 3080 sc
907 3025 1069 3099 διφρίδιον.
1099 3025 1182 3105 Ety-

80 3109 246 3186 mologus,
271 3105 329 3166 ubi
350 3103 388 3165 de
404 3107 613 3189 σκολυθρίοις,
639 3124 705 3165 eam
723 3126 830 3166 vocem
853 3105 1004 3185 quosdam
1021 3106 1183 3187 accepisse
1262 3113 1265 3118 ‘

77 3193 183 3254 refert
202 3191 253 3268 dui
273 3197 391 3273 μικροῖς
413 3193 593 3268 διφριδίοις,
617 3190 653 3249 de
665 3195 775 3268 parvis
797 3191 936 3252 sellulis:
967 3191 1064 3250 simili
1087 3190 1180 3252 modo

77 3271 216 3358 θρᾶνοι,
240 3279 371 3356 viperio.
395 3279 540 3354 θρονίδ.α
556 3297 629 3336 mox
647 3275 678 3332 in
698 3275 815 3334 Insula}
833 3273 959 3336 Comici.
990 3275 1183 3358 Hesychium

77 3361 173 3440 adde,
199 3362 234 3420 iu
256 3361 439 3442 quominus
456 3361 601 3418 utitstam
620 3381 728 3419 vocem
743 3363 854 3438 δίφραξ
870 3359 1017 3440 reperies.
1102 3432 1105 3441 Ι

167 3442 308 3510 ὀκλαδίαι
324 3443 374 3524 tt]
406 3445 454 3508 Pr.
470 3443 546 3511 edit.
561 3447 689 3508 uindice.
719 3443 784 3503 vid.
806 3445 964 3522 Leopurd.
984 3445 1024 3514 ΙΙ,
1043 3451 1073 3517 8.
1119 3445 1181 3506 stu·

167 3525 309 3595 ὀκλαδίαι
322 3529 377 3612 δὲ]
400 3529 612 3608 Locupletius
628 3529 660 3588 iu
679 3529 773 3589 MSS.
788 3531 894 3610 δίφροι
911 3525 1055 3607 ὀκλαδίαι,
1074 3529 1181 3593 abluto

76 3617 128 3693 δδ,
154 3631 190 3678 et
212 3635 289 3674 osus
305 3615 406 3696 ipsius
423 3613 511 3674 vocis
529 3611 734 3674 creberrimus
753 3613 796 3676 ita
817 3619 975 3695 postulat3
1007 3635 1070 3674 non
1089 3617 1183 3675 aliter

75 3702 167 3762 euim
188 3700 307 3776 ferme,
330 3719 421 3778 quam
437 3699 546 3776 δίφρος
562 3693 702 3772 ὀκλαδίας
716 3699 861 3760 inuenies
878 3696 1017 3758 inbonis
1035 3697 1184 3759 auctori·-

75 3785 148 3849 bus.
182 3784 274 3843 fuere
301 3803 375 3842 vero
396 3783 455 3842 hae
471 3787 572 3842 sellae
586 3783 760 3866 plicatiles,
785 3799 820 3844 ut
840 3781 977 3862 expandi
1001 3785 1180 3864 potuerint,

75 3883 108 3930 et
123 3868 319 3947 complicari
337 3887 393 3946 pro
410 3886 443 3928 re
460 3881 550 3940 nata,
583 3863 726 3948 adeoque
744 3870 836 3928 etiam
853 3865 917 3927 huc
933 3869 1011 3928 illuc
1028 3868 1148 3948 portari
1164 3889 1181 3929 s

73 3956 185 4016 servis
206 3951 355 4012 dominos
372 3949 580 4032 sequentibus
596 3954 691 4012 moris
708 3951 781 4015 fuit.
806 3955 839 4011 iu
858 3954 977 4012 nostris
993 3951 1179 4036 regionibus

73 4054 124 4098 est
141 4036 206 4097 ast
222 4033 341 4096 talibus
357 4033 531 4117 sliqusudo
549 4036 671 4096 incolas
689 4036 739 4096 uti
756 4035 917 4096 videamus
934 4037 971 4096 ad
997 4037 1180 4098 decubitum

12 4139 13 4184 3
70 4121 238 4186 sutsiios
257 4120 353 4184 etism
373 4139 461 4182 usus.
492 4119 555 4182 ism
578 4122 655 4184 olim
677 4141 752 4188 vero
776 4143 792 4183 a
813 4121 914 4204 prima
932 4121 1179 4186 Atheniensium
1299 4129 1305 4143 ⁸
