2850 4964
583 316 624 382 X.
669 313 723 386 70.
1126 325 1208 392 1499

117 484 292 548 carminum
320 483 454 556 modula,
469 445 695 570 perspicimus,
723 487 814 548 cuius
835 485 1117 569 sumpla-Pollux
1137 491 1207 574 ipsa

118 571 204 632 infra
219 568 448 652 suppeditabit.
491 567 637 654 Danddrp
653 592 729 633 varo
745 572 778 630 in
794 573 975 632 Midianom
989 575 1207 638 Demosthenis
1293 645 1295 650 k
1377 561 1409 651 ,Τ

126 657 280 734 Ulpianus
296 654 454 738 observat,
468 653 554 740 quod
570 671 602 717 et
617 655 742 716 dicatur
750 655 921 740 γυναικεῖον
932 653 1059 741 uiyysiom
1071 658 1100 744 qi
1110 663 1208 748 χραῖν-

117 765 171 805 sus
183 737 261 822 nodo
277 735 331 814 rsit
343 735 466 818 'sistimur
478 740 536 804 sois
554 737 680 820 ὑδάτων,
702 737 725 816 η’
740 737 794 816 asic
810 737 863 806 siis
874 745 985 825 clrior,
1006 746 1132 824 situlas,
1155 751 1206 808 vel

118 826 232 886 situlos
248 828 413 904 aquarios,
436 838 473 883 ut
490 825 576 885 Coto.
598 824 674 888 iude
696 825 830 886 Thomas
849 839 881 890 at
891 829 1080 888 Ammonius
1094 828 1207 909 o'rrlq.

116 905 223 989 ιη’ριον
235 909 414 989 exponunt.
455 907 532 968 Fuit
548 921 580 970 et
594 909 627 968 in
651 931 712 970 usu
732 909 839 986 κάδος,
858 931 914 971 seu
930 909 1039 978 auidius
1051 913 1140 994 ipsos
1153 915 1207 976 di.

117 993 204 1054 arisae
230 992 394 1072 malueris,
420 991 506 1076 apud
521 991 812 1078 Lacedaemonios,
836 993 1062 1079 adhibitumque
1084 997 1205 1062 adrem

116 1075 362 1138 memorandam.
386 1097 456 1138 cum
475 1078 598 1140 scilicet
614 1076 741 1140 admitti
759 1077 942 1162 postulabat
956 1081 991 1142 iu
1009 1083 1205 1146 consortium

116 1162 237 1221 amicus
255 1182 375 1234 novus,
398 1160 538 1222 omnium
560 1183 594 1224 es
612 1161 651 1223 da
672 1185 706 1224 ra
730 1168 928 1225 uoluntatem
951 1163 1013 1226 boc
1032 1182 1127 1248 pacto
1148 1190 1207 1229 ax-

116 1245 306 1328 plorabant:
330 1244 439 1307 obibat
460 1267 477 1306 e
495 1245 588 1308 domu
604 1267 733 1320 servus,
753 1247 919 1332 capitique
942 1247 1055 1310 cadum
1071 1249 1207 1314 babebat

118 1331 324 1410 impositum,
351 1329 403 1390 rui
428 1331 575 1414 singulus
600 1331 746 1413 illorum,
771 1331 827 1416 qui
848 1332 1031 1395 societatem
1052 1335 1206 1414 coierant,

116 1413 307 1498 magdaliam
329 1413 511 1494 iniiciebat3
531 1415 560 1476 si
576 1419 679 1476 laxam
698 1430 730 1477 et
744 1431 781 1476 ut
792 1431 971 1498 acceperat,
995 1439 1061 1479 non
1076 1440 1111 1480 se
1125 1441 1207 1481 con-

116 1499 252 1559 sortium
266 1499 416 1580 petitoria
437 1498 527 1559 illius
547 1499 677 1562 reiicere
691 1497 936 1576 demonstrabat,
958 1503 1007 1562 sin
1025 1524 1100 1565 vero
1116 1525 1208 1566 com-

115 1603 255 1666 pressam
277 1604 390 1660 manu,
418 1583 608 1644 contrariam
636 1585 744 1647 animo
765 1584 955 1648 sententiam
983 1588 1122 1649 fovebat.
1151 1588 1207 1652 bic

116 1687 195 1728 varo
211 1687 280 1726 cum
294 1667 523 1749 repudiaretur,
548 1673 765 1736 sssodslriudus
779 1669 844 1730 dici
859 1669 981 1734 solebat
997 1670 1036 1732 ab
1057 1673 1121 1734 illo.
1132 1695 1207 1736 vasa

116 1749 298 1834 agendique
319 1751 426 1813 modo.
457 1774 520 1814 rem
544 1755 680 1836 posteris
701 1751 848 1836 prodidit
862 1757 1057 1816 Plutarchus
1077 1756 1113 1818 in
1139 1758 1208 1820 vita

115 1837 266 1916 Lycurgi.
297 1834 352 1897 sed
374 1833 458 1918 apu'd
480 1857 549 1898 eum
578 1833 663 1899 furta
683 1838 773 1900 malis
787 1841 892 1922 legera
907 1837 1131 1920 ussuddiiodas,
1156 1845 1207 1903 vel

115 1923 326 1996 strudiodus,
349 1925 512 2000 reiectum,
534 1921 735 2000 repudiatum
745 1941 829 1997 esse,
851 1935 1000 2004 tauquam
1018 1945 1036 1984 a
1053 1923 1131 1984 cado
1145 1923 1208 1986 de-

116 2003 213 2064 dueta
239 2006 326 2067 verbi
354 2007 501 2081 ratione,
533 2008 660 2088 alioque
688 2021 830 2087 spectare
852 2026 980 2068 censeas
1003 2009 1207 2088 Hssyobiono

116 2085 313 2162 destruitis,
336 2089 515 2169 arrodioun
537 2089 770 2155 eradicabunt
786 2091 934 2162 statuitis,
956 2090 1003 2152 sio
1020 2091 1105 2156 enim
1121 2091 1207 2172 apud

116 2195 191 2235 eum
214 2172 425 2235 scribendum.
449 2196 514 2236 non
537 2171 706 2235 occultabo
730 2188 834 2235 tamen
853 2175 922 2258 quis
943 2175 1041 2236 animi
1061 2175 1122 2238 mei
1137 2196 1207 2236 scu-

115 2277 171 2318 sus
186 2258 262 2317 olim
279 2278 374 2340 auper
390 2279 427 2319 ea
442 2279 475 2320 re
490 2257 599 2319 fuerit.
621 2258 769 2320 Lacones
787 2259 871 2320 enim
888 2259 977 2318 iuxta
990 2281 1027 2321 sc
1042 2259 1208 2344 antiquio-

114 2363 167 2404 res
188 2341 324 2404 Graecos
345 2340 491 2404 babuisse
513 2342 642 2404 verbum
662 2345 798 2409 sruudriu
819 2343 1036 2411 existimabam
1057 2338 1207 2410 velutxu'-

113 2431 191 2499 δεον,
213 2425 299 2509 quod
314 2428 414 2488 fucrit
425 2448 588 2508 separare,
609 2448 775 2510 segregare
782 2469 793 2499 ,
815 2425 953 2512 ideoque
967 2429 1062 2490 etiam
1077 2431 1208 2493 leaders.

115 2515 147 2574 is
169 2526 273 2574 autem
295 2509 378 2596 apud
392 2509 539 2573 Laconas
564 2507 620 2595 qui
643 2510 785 2594 expetita
803 2509 958 2575 societate
983 2515 1089 2576 fuerat
1108 2537 1208 2598 repu-

115 2595 237 2672 diatus,
260 2617 331 2662 cum
348 2596 508 2658 diceretur
520 2599 730 2670 atsodaiodou,
752 2601 853 2672 reiici,
874 2603 1082 2681 consortiiqus
1093 2599 1210 2660 bonore

111 2681 1208 2829 {fitilla{llllltltilisl⁶llllrlllq⁰tllll

116 2851 180 2912 tici
208 2865 363 2946 putarunt
384 2872 402 2911 a
421 2810 504 2936 sddqi
525 2788 664 2912 derivari
677 2789 746 2912 boc
765 2813 978 2928 sisudeiottos,
1008 2811 1081 2911 bum
1104 2858 1209 2913 temen

115 2933 299 2997 similitudo
322 2935 462 2996 nominis
486 2935 651 3020 utriusque
676 2950 759 2997 esset
782 2933 933 3006 fortuita.
956 2955 1061 3016 neque
1079 2938 1209 2996 alteram

116 3019 200 3082 haec
225 3021 293 3080 ullo
319 3017 485 3080 affinitatis
506 3019 575 3080 iure
597 3019 777 3102 attingeret.
807 3017 869 3078 boo
887 3018 914 3077 si
939 3017 1142 3100 probaveris,
1171 3033 1210 3080 ut

116 3119 206 3168 certa
222 3121 289 3164 nou
306 3102 468 3164 minimam
485 3104 552 3168 veri
567 3100 663 3166 habet
677 3103 834 3185 speciem,
856 3101 890 3162 iu
907 3099 1077 3164 Plutarcho
1092 3099 1210 3162 editam

113 3189 290 3252 lectionem
307 3189 407 3250 tutius
424 3189 522 3252 fucrit
537 3186 719 3251 retinuisse.
740 3207 845 3270 nequa
866 3207 942 3249 vcro
960 3185 1042 3246 mibi
1062 3185 1135 3270 quis
1156 3183 1211 3245 bic

116 3271 258 3336 obiiciat
284 3291 365 3356 quae
390 3273 605 3335 Grammatico·
624 3271 664 3333 de
691 3265 850 3338 assiduata
881 3269 966 3353 apud
987 3273 1160 3332 Homerum
1177 3282 1210 3329 et

115 3351 376 3438 uxudsoiurou.
398 3357 578 3442 borumquc
599 3356 726 3442 origiue
748 3368 1017 3429 commentantur,
1041 3376 1077 3414 ac
1091 3353 1118 3414 si
1134 3373 1212 3436 pro-

116 3457 230 3528 pterea
244 3443 376 3508 caradrio
386 3457 550 3524 suspectae
566 3443 670 3526 possit
684 3462 751 3504 ease
769 3439 958 3522 probitatis,
982 3437 1139 3520 siquidem
1156 3438 1211 3498 illa

117 3527 230 3592 omnia
253 3549 323 3588 cum
343 3528 490 3610 pluribus
505 3528 576 3590 aliia
590 3529 657 3587 sint
671 3546 792 3588 summe
812 3523 960 3606 nugaria,
983 3522 1100 3603 quibus
1113 3521 1211 3581 unius

118 3611 273 3691 Herycbs's'
285 3612 506 3674 auctoritatem
521 3631 662 3712 oppono,
689 3611 746 3694 qui
762 3609 874 3670 ceteris
894 3605 1006 3668 melius
1023 3607 1099 3667 istas
1116 3624 1210 3667 rocas

118 3697 212 3778 cepit
228 3711 259 3757 et
273 3697 439 3780 explicuit.
461 3698 495 3758 in
521 3695 588 3775 bas,
609 3715 789 3781 quanquam
811 3705 843 3756 et
864 3691 924 3752 alia
945 3689 1122 3772 supersint,
1145 3710 1210 3749 non

118 3801 179 3846 ero
194 3781 341 3864 longior,
364 3801 404 3842 nc
422 3780 531 3844 videar
546 3781 655 3864 potius
677 3777 890 3859 digressiones
901 3775 1012 3836 venari
1039 3795 1132 3858 quam
1154 3773 1213 3836 ob-

116 3865 198 3930 latis
214 3867 272 3926 uti.
314 3865 369 3926 Da
389 3857 522 3952 ἄμφορεΐ
539 3879 662 3926 verost
681 3863 831 3948 amphora
842 3865 928 3944 large
944 3881 1048 3942 nuper
1063 3857 1214 3921 disseruit

117 3951 176 4012 vir
203 3947 437 4012 eruditissimus
463 3965 495 4012 et
522 3949 731 4010 amicissimus
752 3947 830 4008 Adr.
864 3944 1024 4006 Rotundus
1055 3943 1089 4004 iu
1117 3947 1214 4005 altera

117 4035 365 4100 Dissertatioue
391 4035 431 4098 dc
453 4033 599 4098 Nummls
623 4033 836 4098 samaritanis.
897 4029 1019 4090 Cratini
1038 4029 1143 4093 verbis
1169 4049 1211 4089 aar

843 4133 969 4198 Cocco
990 4139 1012 4202 2
