2766 4958
230 384 294 450 934
697 369 756 435 tx.
798 371 861 440 δυ’

234 567 362 632 ortuque
381 541 551 628 reliquisse
576 541 667 628 signs
689 537 840 604 suffieist.
890 539 930 600 In
949 537 1047 606 heinr
1065 536 1179 620 itsque
1198 536 1318 603 nummi

235 640 411 696 altesserss
419 625 618 710 laserpitium
630 625 727 688 hebes
740 623 968 686 edditislitoris
980 629 1079 705 liupo,
1098 619 1227 702 Κυράνα
1235 643 1318 686 nem·

234 739 286 802 pe,
304 716 470 776 utiDoses
485 733 523 772 eo
536 709 891 784 Leeoneslefferebsnt,
916 711 1012 770 slters
1034 728 1110 772 vero
1136 709 1319 782 Ptolemaei,

235 819 273 864 ιιι
284 795 412 884 quidem
427 794 547 874 ieutio,
563 816 620 856 seu
638 797 751 876 Lagus
762 794 804 854 sit
818 795 873 856 ills
891 813 947 856 seu
960 789 1201 872 Philadelphus,
1224 805 1322 874 oeput

234 898 416 950 cornutum.
438 901 538 942 cornu
547 877 674 964 quidem
690 879 862 941 srietinum
872 876 1031 961 duplicem
1049 876 1090 940 ob
1105 896 1231 940 oensem
1242 875 1319 958 ipsis

236 967 312 1034 eddi
333 967 460 1050 potnit,
488 977 556 1026 tnm
577 962 664 1046 quod
680 963 765 1024 iuter
786 963 970 1040 Alemondri
990 975 1095 1025 essent
1113 980 1319 1037 successores,

236 1054 328 1120 ouius
354 1061 452 1132 oeput
474 1069 540 1112 non
562 1047 654 1110 sliter
680 1047 745 1108 nisi
764 1061 934 1108 cornutum
959 1045 1079 1108 uisitur
1100 1044 1135 1106 iu
1153 1043 1269 1108 stetuIs
1290 1057 1321 1104 et

235 1137 389 1214 nummis,
411 1153 483 1196 oum
496 1147 613 1194 utnon
628 1129 818 1196 mediocrem
830 1131 894 1214 ipsi
908 1130 1063 1194 honorem
1078 1127 1242 1203 heberent,
1266 1127 1323 1212 qui

237 1224 408 1306 iungerent
422 1217 523 1298 ospiti
537 1217 608 1280 eius
622 1216 730 1279 arietis
746 1239 846 1280 cornu
861 1218 1011 1278 Ammoni
1025 1213 1154 1297 proprie
1169 1212 1321 1277 debitum.

105 1357 109 1370 .
238 1303 417 1388 Cyreneice
442 1315 548 1364 eutem
566 1301 655 1382 regio
672 1301 730 1362 sub
743 1297 910 1382 imperium
926 1299 1053 1382 delspse
1064 1297 1323 1362 eetPtolomoeo-

236 1413 307 1454 rum
320 1390 353 1450 ei
368 1403 464 1470 etque
483 1385 577 1447 ermis
592 1387 770 1446 Ptolomaei
782 1387 882 1468 Legi,
905 1400 942 1448 ut
953 1386 1057 1467 liquet
1069 1405 1111 1446 ex
1125 1384 1250 1446 Iustino
1262 1383 1322 1446 lib.

239 1473 288 1540 sb.
311 1495 338 1536 e.
352 1470 381 1536 6.
405 1490 506 1553 esque
518 1483 651 1553 propter
667 1470 778 1530 Serobo
790 1469 847 1532 tib.
861 1469 970 1538 xvtt.
985 1471 1165 1550 Κυρηναίαν
1172 1481 1324 1532 memoret

235 1557 293 1642 esis
310 1554 371 1624 bul
388 1559 596 1637 Πτολεμαίων,
610 1555 805 1616 Ptolomaeis
818 1554 990 1616 eubieosom
1010 1551 1214 1634 Cyrenaeum:
1236 1551 1323 1614 unde

238 1643 371 1726 oolligss
388 1640 495 1716 simul,
521 1659 588 1700 nou
604 1659 729 1700 omnem
745 1639 952 1719 Cyreneiesns
968 1636 1130 1723 regionem
1145 1635 1205 1700 suls
1220 1635 1325 1700 ditio-

235 1749 278 1791 ne
294 1727 395 1788 luisse
412 1725 689 1802 Ptolomaeorum,
717 1721 774 1784 sed
792 1721 904 1800 binse,
926 1737 1030 1805 puto,
1059 1735 1184 1784 tentum
1201 1736 1323 1804 perses:

236 1811 363 1874 tersisse
385 1807 514 1960 Ipissbyee⁸
534 1821 667 1872 ιοιιιιοιι
691 1821 811 1894 gentes.
857 1807 1075 1872 calunnius
1100 1827 1198 1890 porro
1219 1806 1265 1890 ll.
1290 1807 1324 1870 in

235 1899 271 1960 A
290 1897 383 1963 llud.
441 1935 451 1958 e
605 1943 608 1952 ι
1140 1884 1146 1908 '

266 1918 297 2029 P·
440 1979 493 2046 stol
504 1976 627 2063 Λιβύην
641 1972 753 2044 ἐσιόντι
765 1971 859 2060 κόραξ
869 1971 1004 2064 ἡγήσαιο
1017 1981 1082 2064 λαῷ

442 2062 538 2142 δεξιὸς
556 2059 700 2148 οἰκιστὴρ,
720 2065 772 2130 eoi
785 2061 885 2147 niueos
898 2065 994 2148 selges
1008 2059 1115 2130 δώσειν
1134 2073 1137 2080 “

439 2141 597 2232 sipesloose
606 2155 787 2232 βασιλεῦσιν.

157 2255 160 2264 “
241 2243 293 2326 Τῷ
306 2237 501 2321 Πτολεμαίῳ,
523 2233 852 2318 inquitSrboliaesss:
879 2232 1018 2294 forsitsn
1036 2239 1100 2308 τοῖς
1114 2230 1324 2313 IIroltpulott·
1373 2259 1374 2268 ¹

234 2319 396 2405 siquidem
412 2317 801 2400 intellexeritCyreuesus
818 2331 906 2378 vetes
920 2317 1169 2396 Philadelphum
1181 2330 1214 2379 et
1230 2319 1325 2378 Emr.
1373 2329 1374 2338 ¹

235 2421 336 2488 gesem
350 2405 483 2465 fretross
510 2416 544 2462 et
559 2399 633 2464 vide
649 2398 689 2460 sd
707 2399 785 2460 heeo
802 2414 966 2462 notensem
985 2402 1150 2466 IllustrIss.
1178 2393 1326 2482 Sponbe-

237 2494 343 2553 mium.
386 2483 449 2548 Seri
463 2499 496 2548 et
511 2497 634 2546 stetisse
649 2483 783 2564 Cyrenis
802 2483 920 2546 honori
935 2487 1187 2548 Ptolomaeorum
1201 2486 1326 2568 positee

238 2575 386 2645 luerunt,
408 2566 447 2630 etl
487 2589 542 2628 uss
557 2568 585 2628 si
601 2569 674 2649 quis
691 2567 901 2652 confugisset,
925 2568 1030 2648 ebripi
1048 2571 1137 2632 nefus
1150 2585 1227 2636 eret.
1258 2575 1328 2634 elo-

239 2675 316 2742 gens
333 2669 383 2716 est
400 2672 436 2714 es
458 2589 498 2714 sie
518 2673 552 2714 re
574 2655 664 2712 loeus
686 2651 721 2710 in
738 2650 822 2714 libro
839 2651 965 2715 XXIII.
977 2653 1065 2717 Ilist.
1079 2656 1172 2715 Livii
1184 2675 1255 2736 esp.
1279 2673 1325 2718 ιο.

237 2739 293 2801 ubi
310 2740 441 2820 Magius
454 2738 603 2796 Decimus
623 2736 817 2814 Campanus,
840 2735 896 2822 qui
914 2759 932 2797 e
950 2737 1093 2819 pertibus
1107 2738 1327 2802 Romsuorum

238 2835 369 2886 steterat
386 2839 517 2900 semper,
538 2820 700 2882 Annibali
717 2839 793 2882 sero
817 2819 999 2900 obstiteret,
1022 2821 1151 2884 iuieotis
1170 2826 1327 2886 ostonisn

237 2909 347 2970 Poeno
357 2906 426 2987 rspi
434 2903 564 2966 iubetur
572 2918 660 2967 extre
675 2918 807 2982 portem,
817 2905 1065 2989 impositumque
1081 2905 1115 2966 in
1127 2925 1240 2967 nevesn
1250 2909 1330 2968 Cer·

237 2991 401 3075 theginem
418 2987 522 3050 mitti:
544 3009 654 3058 novem
669 2989 808 3070 Cyrenas
822 2989 950 3068 detulit,
973 2989 1068 3054 verbs
1082 3005 1159 3050 suut
1173 2987 1258 3052 isaeo
1267 2993 1328 3052 Li·

237 3080 292 3154 oii,
314 3085 489 3154 tempestus,
512 3093 593 3154 quoe
607 3087 674 3134 sum
687 3077 722 3132 in
731 3073 852 3135 ditione
863 3095 970 3156 regum
981 3087 1087 3149 oronte
1108 3073 1155 3136 ibi
1169 3095 1240 3136 oum
1251 3076 1328 3138 Ms-

262 3161 313 3221 ius
333 3159 379 3220 ssd
396 3170 538 3227 statuam
557 3159 736 3220 Ptolomaei
756 3163 842 3240 regis
862 3159 1077 3241 eonfugisset,
1107 3159 1291 3239 deportatus
1305 3183 1327 3222 o

230 3183 417 3306 Imeodsbm
432 3240 655 3306 Alexsurlrism
669 3243 716 3304 od
729 3244 965 3307 Ptolomaeum:
986 3246 1142 3306 demeum
1157 3244 1327 3324 doouirsss,

238 3344 349 3395 eontra
363 3329 413 3390 ius
430 3326 569 3389 foederis
583 3327 726 3388 vinetum
742 3349 776 3390 so
792 3328 831 3390 sb
847 3329 1006 3392 Annibale
1018 3351 1101 3407 esse,
1134 3331 1270 3392 mnoulis
1282 3331 1327 3389 li-

238 3415 384 3478 beroturs
404 3411 460 3495 qui
477 3415 569 3473 locus
584 3411 804 3493 percommode
827 3428 909 3496 quse
931 3411 1000 3475 dixi
1024 3413 1148 3496 probet.
1178 3413 1323 3478 Similem

238 3515 342 3562 sutem
378 3495 607 3576 Cyrenensium
636 3518 798 3558 nummum
831 3498 993 3582 egregium
1021 3497 1153 3562 exhibet
1182 3499 1325 3560 Rhodius

237 3583 369 3650 Emend.
383 3581 422 3644 erl
438 3581 582 3644 Scribon.
596 3584 699 3664 Lorg.
716 3603 789 3666 peg.
810 3601 878 3662 127.
897 3581 954 3642 ubi
966 3581 1091 3664 silphio
1105 3581 1259 3646 sdieotem
1274 3581 1323 3642 vi-

238 3665 293 3729 bes
314 3671 486 3742 stellolem,
511 3665 666 3745 Castoris,
689 3680 727 3727 ut
742 3668 910 3744 existimo,
933 3666 1086 3730 iudicem.
1114 3684 1147 3732 et
1165 3667 1326 3730 Castorem

138 3809 140 3818 ,
239 3750 367 3834 quidem
390 3773 466 3833 pree
487 3752 617 3811 Polluce
640 3753 748 3832 potins
767 3751 801 3812 in
821 3752 958 3814 nummis
977 3751 1044 3814 suis
1059 3771 1245 3836 expressum
1262 3749 1328 3814 bs-

238 3833 344 3912 buere,
354 3833 442 3918 qued
458 3833 912 3934 equisequitendiqueperitis
926 3841 1028 3898 clerus
1036 3837 1093 3898 ille
1107 3837 1208 3904 luisse
1220 3836 1328 3916 perhi·
1371 3867 1372 3874 ι

238 3919 367 3995 beetur,
398 3919 497 3980 siontr
515 3919 629 3982 Pollux
643 3920 801 3984 coestibus
815 3935 910 4006 etque
927 3925 1025 3987 luote.
1048 3921 1248 4001 Cyrenenses
1265 3942 1328 3982 eu-

182 4012 188 4030 ‘
238 4017 311 4080 tem,
330 4023 400 4062 suns
417 4005 543 4082 plenem
567 4004 743 4067 incolerent
758 4020 926 4090 aptumque
940 4005 1030 4089 equis
1042 4005 1215 4088 regionem,
1238 4025 1329 4087 prse-

151 4095 155 4106 '
238 4086 452 4162 stentissimos
466 4085 584 4152 eluisse
600 4103 698 4174 etque
713 4087 875 4182 etlomssse
894 4109 994 4175 equos
1014 4088 1143 4175 entiqui
1155 4090 1328 4156 memoriee
