<?xml version="1.0" encoding="UTF-8"?>
<!DOCTYPE html PUBLIC "-//W3C//DTD XHTML 1.0 Transitional//EN"
    "http://www.w3.org/TR/xhtml1/DTD/xhtml1-transitional.dtd">
<html xmlns="http://www.w3.org/1999/xhtml" xml:lang="en" lang="en">
 <head>
  <title>
</title>
<meta http-equiv="Content-Type" content="text/html;charset=utf-8" />
  <meta name='ocr-system' content='tesseract 3.04.00' />
  <meta name='ocr-capabilities' content='ocr_page ocr_carea ocr_par ocr_line ocrx_word'/>
</head>
<body>
  <div class='ocr_page' id='page_1' title='image "./iuliipollucison00pollgoog_0991.png"; bbox 0 0 2634 4948; ppageno 0'>
   <div class='ocr_carea' id='block_1_1' title="bbox 483 332 1168 428">
    <p class='ocr_par' dir='ltr' id='par_1_1' title="bbox 483 332 1168 428">
     <span class='ocr_line' id='line_1_1' title="bbox 483 332 1168 428; baseline 0.009 -10"><span class='ocrx_word' id='word_1_1' title='bbox 483 353 535 419; x_wconf 81' lang='lat' dir='ltr'><strong>x.&#39;</strong></span> <span class='ocrx_word' id='word_1_2' title='bbox 569 361 641 426; x_wconf 80' lang='lat' dir='ltr'><strong>rrs.</strong></span> <span class='ocrx_word' id='word_1_3' title='bbox 784 379 787 384; x_wconf 94' lang='lat'>·</span> <span class='ocrx_word' id='word_1_4' title='bbox 1021 365 1101 428; x_wconf 79' lang='lat' dir='ltr'><strong>tarr</strong></span> <span class='ocrx_word' id='word_1_5' title='bbox 1165 332 1168 345; x_wconf 87' lang='lat'>&#39;</span> 
     </span>
    </p>
   </div>
   <div class='ocr_carea' id='block_1_2' title="bbox 23 485 1104 696">
    <p class='ocr_par' dir='ltr' id='par_1_2' title="bbox 23 485 1104 696">
     <span class='ocr_line' id='line_1_2' title="bbox 23 485 1104 609; baseline 0.007 -26"><span class='ocrx_word' id='word_1_6' title='bbox 23 523 113 586; x_wconf 69' lang='lat' dir='ltr'><strong>rmnia</strong></span> <span class='ocrx_word' id='word_1_7' title='bbox 128 487 197 588; x_wconf 84' lang='lat' dir='ltr'><strong>sint</strong></span> <span class='ocrx_word' id='word_1_8' title='bbox 220 524 461 606; x_wconf 77' lang='lat' dir='ltr'><strong>Aristophaneo</strong></span> <span class='ocrx_word' id='word_1_9' title='bbox 476 489 499 586; x_wconf 81' lang='lat' dir='ltr'><strong>s¹</strong></span> <span class='ocrx_word' id='word_1_10' title='bbox 511 527 701 609; x_wconf 75' lang='lat' dir='ltr'><strong>Tagenistis.</strong></span> <span class='ocrx_word' id='word_1_11' title='bbox 723 485 728 498; x_wconf 34' lang='grc' dir='ltr'>ι</span> <span class='ocrx_word' id='word_1_12' title='bbox 743 523 883 589; x_wconf 83' lang='lat' dir='ltr'><strong>Miseret</strong></span> <span class='ocrx_word' id='word_1_13' title='bbox 896 545 948 588; x_wconf 86' lang='lat' dir='ltr'><strong>urs</strong></span> <span class='ocrx_word' id='word_1_14' title='bbox 962 526 1019 594; x_wconf 78' lang='lat' dir='ltr'><strong>rori</strong></span> <span class='ocrx_word' id='word_1_15' title='bbox 1041 551 1104 606; x_wconf 73' lang='lat' dir='ltr'><strong>ssp-</strong></span> 
     </span>
     <span class='ocr_line' id='line_1_3' title="bbox 23 609 911 696; baseline -0.006 -20"><span class='ocrx_word' id='word_1_16' title='bbox 23 609 129 696; x_wconf 71' lang='lat' dir='ltr'><strong>ristsns,</strong></span> <span class='ocrx_word' id='word_1_17' title='bbox 151 609 238 692; x_wconf 77' lang='lat' dir='ltr'><strong>quod</strong></span> <span class='ocrx_word' id='word_1_18' title='bbox 255 609 302 674; x_wconf 89' lang='lat' dir='ltr'><strong>ita</strong></span> <span class='ocrx_word' id='word_1_19' title='bbox 321 613 419 696; x_wconf 78' lang='lat' dir='ltr'><strong>vulgo</strong></span> <span class='ocrx_word' id='word_1_20' title='bbox 436 613 539 674; x_wconf 83' lang='lat' dir='ltr'><strong>solnm</strong></span> <span class='ocrx_word' id='word_1_21' title='bbox 554 625 647 674; x_wconf 83' lang='lat' dir='ltr'><strong>astat.</strong></span> <span class='ocrx_word' id='word_1_22' title='bbox 688 609 791 674; x_wconf 79' lang='lat' dir='ltr'><strong>loro.</strong></span> <span class='ocrx_word' id='word_1_23' title='bbox 908 647 911 655; x_wconf 91' lang='lat'>·</span> 
     </span>
    </p>
   </div>
   <div class='ocr_carea' id='block_1_3' title="bbox 24 687 1241 864">
    <p class='ocr_par' dir='ltr' id='par_1_3' title="bbox 24 687 1241 864">
     <span class='ocr_line' id='line_1_4' title="bbox 88 687 1225 787; baseline -0.002 -27"><span class='ocrx_word' id='word_1_24' title='bbox 88 697 232 775; x_wconf 77' lang='lat' dir='ltr'><strong>stupida,</strong></span> <span class='ocrx_word' id='word_1_25' title='bbox 257 699 466 787; x_wconf 32' lang='lat' dir='ltr'><strong>lannplronc.</strong></span> <span class='ocrx_word' id='word_1_26' title='bbox 488 695 578 780; x_wconf 70' lang='lat' dir='ltr'><strong>nnn]</strong></span> <span class='ocrx_word' id='word_1_27' title='bbox 599 695 717 760; x_wconf 73' lang='lat' dir='ltr'><strong>Arrisit</strong></span> <span class='ocrx_word' id='word_1_28' title='bbox 731 709 874 759; x_wconf 84' lang='lat' dir='ltr'><strong>veterum</strong></span> <span class='ocrx_word' id='word_1_29' title='bbox 889 693 1050 758; x_wconf 81' lang='lat' dir='ltr'><strong>librorum·</strong></span> <span class='ocrx_word' id='word_1_30' title='bbox 1058 700 1114 760; x_wconf 68' lang='lat' dir='ltr'><strong>le·=</strong></span> <span class='ocrx_word' id='word_1_31' title='bbox 1213 687 1225 702; x_wconf 78' lang='lat'><em>⁰</em></span> 
     </span>
     <span class='ocr_line' id='line_1_5' title="bbox 24 771 1241 864; baseline 0.002 -24"><span class='ocrx_word' id='word_1_32' title='bbox 24 779 82 842; x_wconf 92' lang='lat' dir='ltr'><strong>tio.</strong></span> <span class='ocrx_word' id='word_1_33' title='bbox 121 784 226 861; x_wconf 71' lang='grc' dir='ltr'><strong><em>νεβρές</em></strong></span> <span class='ocrx_word' id='word_1_34' title='bbox 253 795 287 841; x_wconf 85' lang='lat' dir='ltr'><strong>et</strong></span> <span class='ocrx_word' id='word_1_35' title='bbox 312 784 416 862; x_wconf 65' lang='lat' dir='ltr'><strong>sevplg</strong></span> <span class='ocrx_word' id='word_1_36' title='bbox 434 797 566 862; x_wconf 88' lang='lat' dir='ltr'><strong>propter</strong></span> <span class='ocrx_word' id='word_1_37' title='bbox 584 779 778 842; x_wconf 83' lang='lat' dir='ltr'><strong>simillimam</strong></span> <span class='ocrx_word' id='word_1_38' title='bbox 802 778 887 864; x_wconf 89' lang='lat' dir='ltr'><strong>apud</strong></span> <span class='ocrx_word' id='word_1_39' title='bbox 907 771 1103 846; x_wconf 87' lang='lat' dir='ltr'><strong>recentiores</strong></span> <span class='ocrx_word' id='word_1_40' title='bbox 1229 777 1241 792; x_wconf 83' lang='grc'><strong>“</strong></span> 
     </span>
    </p>
   </div>
   <div class='ocr_carea' id='block_1_4' title="bbox 23 863 1173 1878">
    <p class='ocr_par' dir='ltr' id='par_1_4' title="bbox 23 863 1173 1878">
     <span class='ocr_line' id='line_1_6' title="bbox 23 863 1102 949; baseline 0.004 -25"><span class='ocrx_word' id='word_1_41' title='bbox 23 865 146 925; x_wconf 76' lang='lat' dir='ltr'><strong>isaacus</strong></span> <span class='ocrx_word' id='word_1_42' title='bbox 165 864 463 946; x_wconf 69' lang='lat' dir='ltr'><strong>pronuntiationem</strong></span> <span class='ocrx_word' id='word_1_43' title='bbox 487 865 583 928; x_wconf 86' lang='lat' dir='ltr'><strong>iacils</strong></span> <span class='ocrx_word' id='word_1_44' title='bbox 604 863 764 926; x_wconf 85' lang='lat' dir='ltr'><strong>confundi</strong></span> <span class='ocrx_word' id='word_1_45' title='bbox 783 881 972 948; x_wconf 89' lang='lat' dir='ltr'><strong>potnerunt.</strong></span> <span class='ocrx_word' id='word_1_46' title='bbox 1004 885 1102 949; x_wconf 86' lang='lat' dir='ltr'><strong>snpra</strong></span> 
     </span>
     <span class='ocr_line' id='line_1_7' title="bbox 26 946 1102 1034; baseline 0.007 -28"><span class='ocrx_word' id='word_1_47' title='bbox 26 948 147 1010; x_wconf 86' lang='lat' dir='ltr'><strong>iusdem</strong></span> <span class='ocrx_word' id='word_1_48' title='bbox 166 947 255 1026; x_wconf 83' lang='lat' dir='ltr'><strong>modi</strong></span> <span class='ocrx_word' id='word_1_49' title='bbox 273 963 306 1010; x_wconf 88' lang='lat' dir='ltr'><strong>et</strong></span> <span class='ocrx_word' id='word_1_50' title='bbox 319 949 381 1010; x_wconf 89' lang='lat' dir='ltr'><strong>alia</strong></span> <span class='ocrx_word' id='word_1_51' title='bbox 403 953 547 1034; x_wconf 67' lang='lat' dir='ltr'><strong>eaempla</strong></span> <span class='ocrx_word' id='word_1_52' title='bbox 561 946 694 1014; x_wconf 75' lang='lat' dir='ltr'><strong>addoni.</strong></span> <span class='ocrx_word' id='word_1_53' title='bbox 725 946 859 1009; x_wconf 76' lang='lat' dir='ltr'><strong>nebrida</strong></span> <span class='ocrx_word' id='word_1_54' title='bbox 873 947 987 1012; x_wconf 81' lang='lat' dir='ltr'><strong>Graeci</strong></span> <span class='ocrx_word' id='word_1_55' title='bbox 1005 949 1102 1013; x_wconf 86' lang='lat' dir='ltr'><strong>dirre-</strong></span> 
     </span>
     <span class='ocr_line' id='line_1_8' title="bbox 23 1027 1102 1112; baseline 0.006 -20"><span class='ocrx_word' id='word_1_56' title='bbox 23 1047 79 1092; x_wconf 92' lang='lat' dir='ltr'><strong>unt</strong></span> <span class='ocrx_word' id='word_1_57' title='bbox 105 1033 225 1093; x_wconf 83' lang='lat' dir='ltr'><strong>variam</strong></span> <span class='ocrx_word' id='word_1_58' title='bbox 245 1031 486 1096; x_wconf 65' lang='lat' dir='ltr'><strong>Bacchanalium</strong></span> <span class='ocrx_word' id='word_1_59' title='bbox 509 1045 629 1096; x_wconf 71' lang='lat' dir='ltr'><strong>vestem</strong></span> <span class='ocrx_word' id='word_1_60' title='bbox 640 1075 653 1107; x_wconf 90' lang='lat'><em>,</em></span> <span class='ocrx_word' id='word_1_61' title='bbox 677 1027 762 1094; x_wconf 86' lang='lat' dir='ltr'><strong>nnds</strong></span> <span class='ocrx_word' id='word_1_62' title='bbox 783 1033 956 1112; x_wconf 85' lang='lat' dir='ltr'><strong>proverbio</strong></span> <span class='ocrx_word' id='word_1_63' title='bbox 979 1031 1102 1098; x_wconf 87' lang='lat' dir='ltr'><strong>dicitur</strong></span> 
     </span>
     <span class='ocr_line' id='line_1_9' title="bbox 26 1115 1100 1204; baseline 0.006 -28"><span class='ocrx_word' id='word_1_64' title='bbox 26 1119 77 1176; x_wconf 91' lang='lat' dir='ltr'><strong>uis</strong></span> <span class='ocrx_word' id='word_1_65' title='bbox 98 1121 221 1201; x_wconf 70' lang='grc' dir='ltr'><strong>νεβρίδα</strong></span> <span class='ocrx_word' id='word_1_66' title='bbox 241 1121 401 1190; x_wconf 77' lang='lat' dir='ltr'><strong>iseiodns.</strong></span> <span class='ocrx_word' id='word_1_67' title='bbox 426 1119 482 1204; x_wconf 86' lang='lat' dir='ltr'><strong>qni</strong></span> <span class='ocrx_word' id='word_1_68' title='bbox 508 1117 637 1181; x_wconf 84' lang='lat' dir='ltr'><strong>deditus</strong></span> <span class='ocrx_word' id='word_1_69' title='bbox 656 1130 706 1178; x_wconf 88' lang='lat' dir='ltr'><strong>est</strong></span> <span class='ocrx_word' id='word_1_70' title='bbox 725 1115 894 1197; x_wconf 70' lang='lat' dir='ltr'><strong>ebrietati,</strong></span> <span class='ocrx_word' id='word_1_71' title='bbox 923 1121 979 1180; x_wconf 80' lang='lat' dir='ltr'><strong>vel</strong></span> <span class='ocrx_word' id='word_1_72' title='bbox 1001 1117 1100 1182; x_wconf 86' lang='lat' dir='ltr'><strong>borao</strong></span> 
     </span>
     <span class='ocr_line' id='line_1_10' title="bbox 25 1200 1100 1300; baseline 0.002 -38"><span class='ocrx_word' id='word_1_73' title='bbox 25 1215 190 1264; x_wconf 65' lang='lat' dir='ltr'><strong>artusinus</strong></span> <span class='ocrx_word' id='word_1_74' title='bbox 217 1219 251 1266; x_wconf 86' lang='lat' dir='ltr'><strong>et</strong></span> <span class='ocrx_word' id='word_1_75' title='bbox 272 1205 420 1266; x_wconf 83' lang='lat' dir='ltr'><strong>mutabili</strong></span> <span class='ocrx_word' id='word_1_76' title='bbox 443 1224 480 1266; x_wconf 86' lang='lat' dir='ltr'><strong>ao</strong></span> <span class='ocrx_word' id='word_1_77' title='bbox 501 1203 618 1266; x_wconf 90' lang='lat' dir='ltr'><strong>doloso</strong></span> <span class='ocrx_word' id='word_1_78' title='bbox 639 1200 785 1300; x_wconf 70' lang='lat' dir='ltr'><strong>ingenio.</strong></span> <span class='ocrx_word' id='word_1_79' title='bbox 813 1220 878 1262; x_wconf 87' lang='lat' dir='ltr'><strong>rear</strong></span> <span class='ocrx_word' id='word_1_80' title='bbox 901 1215 1002 1265; x_wconf 83' lang='lat' dir='ltr'><strong>totam</strong></span> <span class='ocrx_word' id='word_1_81' title='bbox 1020 1205 1100 1266; x_wconf 89' lang='lat' dir='ltr'><strong>alibi</strong></span> 
     </span>
     <span class='ocr_line' id='line_1_11' title="bbox 26 1285 1100 1376; baseline 0.007 -32"><span class='ocrx_word' id='word_1_82' title='bbox 26 1285 189 1350; x_wconf 83' lang='lat' dir='ltr'><strong>lenissime</strong></span> <span class='ocrx_word' id='word_1_83' title='bbox 216 1289 372 1376; x_wconf 73' lang='lat' dir='ltr'><strong>explicui.¹</strong></span> <span class='ocrx_word' id='word_1_84' title='bbox 414 1287 514 1376; x_wconf 74' lang='lat' dir='ltr'><strong>Vides</strong></span> <span class='ocrx_word' id='word_1_85' title='bbox 536 1302 642 1350; x_wconf 86' lang='lat' dir='ltr'><strong>antero</strong></span> <span class='ocrx_word' id='word_1_86' title='bbox 657 1285 711 1348; x_wconf 88' lang='lat' dir='ltr'><strong>bro</strong></span> <span class='ocrx_word' id='word_1_87' title='bbox 726 1289 1013 1368; x_wconf 75' lang='lat' dir='ltr'><strong>ildoncnnplrovr,</strong></span> <span class='ocrx_word' id='word_1_88' title='bbox 1040 1288 1100 1374; x_wconf 87' lang='lat' dir='ltr'><strong>qui</strong></span> 
     </span>
     <span class='ocr_line' id='line_1_12' title="bbox 23 1365 1100 1446; baseline 0.006 -18"><span class='ocrx_word' id='word_1_89' title='bbox 23 1393 36 1428; x_wconf 92' lang='lat' dir='ltr'><strong>n</strong></span> <span class='ocrx_word' id='word_1_90' title='bbox 53 1371 234 1434; x_wconf 84' lang='lat' dir='ltr'><strong>memoriam</strong></span> <span class='ocrx_word' id='word_1_91' title='bbox 248 1388 402 1436; x_wconf 80' lang='lat' dir='ltr'><strong>revocant</strong></span> <span class='ocrx_word' id='word_1_92' title='bbox 414 1372 554 1438; x_wconf 73' lang='lat' dir='ltr'><strong>Pollucis</strong></span> <span class='ocrx_word' id='word_1_93' title='bbox 566 1376 673 1435; x_wconf 87' lang='lat' dir='ltr'><strong>lacurn</strong></span> <span class='ocrx_word' id='word_1_94' title='bbox 691 1369 765 1446; x_wconf 76' lang='lat' dir='ltr'>VII,</span> <span class='ocrx_word' id='word_1_95' title='bbox 789 1365 855 1434; x_wconf 66' lang='grc' dir='ltr'><strong>ηδ.</strong></span> <span class='ocrx_word' id='word_1_96' title='bbox 873 1369 929 1431; x_wconf 87' lang='lat' dir='ltr'><strong>ubi</strong></span> <span class='ocrx_word' id='word_1_97' title='bbox 943 1391 1014 1432; x_wconf 88' lang='lat' dir='ltr'><strong>cnm</strong></span> <span class='ocrx_word' id='word_1_98' title='bbox 1028 1373 1100 1434; x_wconf 81' lang='lat' dir='ltr'><strong>An-</strong></span> 
     </span>
     <span class='ocr_line' id='line_1_13' title="bbox 23 1451 1100 1544; baseline 0.006 -32"><span class='ocrx_word' id='word_1_99' title='bbox 23 1469 68 1513; x_wconf 86' lang='lat' dir='ltr'><strong>tor</strong></span> <span class='ocrx_word' id='word_1_100' title='bbox 92 1470 203 1519; x_wconf 84' lang='lat' dir='ltr'><strong>noster</strong></span> <span class='ocrx_word' id='word_1_101' title='bbox 223 1460 317 1524; x_wconf 78' lang='lat' dir='ltr'><strong>lidos</strong></span> <span class='ocrx_word' id='word_1_102' title='bbox 335 1455 472 1544; x_wconf 83' lang='lat' dir='ltr'><strong>ncipasos</strong></span> <span class='ocrx_word' id='word_1_103' title='bbox 493 1455 695 1532; x_wconf 80' lang='lat' dir='ltr'><strong>recensebat,</strong></span> <span class='ocrx_word' id='word_1_104' title='bbox 724 1453 813 1516; x_wconf 86' lang='lat' dir='ltr'><strong>bono</strong></span> <span class='ocrx_word' id='word_1_105' title='bbox 844 1453 969 1538; x_wconf 81' lang='lat' dir='ltr'><strong>ipsum,</strong></span> <span class='ocrx_word' id='word_1_106' title='bbox 991 1451 1100 1544; x_wconf 77' lang='lat' dir='ltr'><strong>credo,</strong></span> 
     </span>
     <span class='ocr_line' id='line_1_14' title="bbox 23 1535 1173 1626; baseline 0.012 -28"><span class='ocrx_word' id='word_1_107' title='bbox 23 1541 126 1602; x_wconf 73' lang='lat' dir='ltr'><strong>lomics‘</strong></span> <span class='ocrx_word' id='word_1_108' title='bbox 139 1546 246 1604; x_wconf 87' lang='lat' dir='ltr'><strong>locum</strong></span> <span class='ocrx_word' id='word_1_109' title='bbox 264 1543 300 1604; x_wconf 92' lang='lat' dir='ltr'><strong>in</strong></span> <span class='ocrx_word' id='word_1_110' title='bbox 313 1561 419 1608; x_wconf 84' lang='lat' dir='ltr'><strong>mente</strong></span> <span class='ocrx_word' id='word_1_111' title='bbox 441 1541 567 1607; x_wconf 87' lang='lat' dir='ltr'><strong>babuit.</strong></span> <span class='ocrx_word' id='word_1_112' title='bbox 596 1555 718 1605; x_wconf 82' lang='lat' dir='ltr'><strong>veteres</strong></span> <span class='ocrx_word' id='word_1_113' title='bbox 739 1554 844 1603; x_wconf 87' lang='lat' dir='ltr'><strong>sutem</strong></span> <span class='ocrx_word' id='word_1_114' title='bbox 861 1535 995 1626; x_wconf 76' lang='lat' dir='ltr'><strong>reciperas</strong></span> <span class='ocrx_word' id='word_1_115' title='bbox 1009 1544 1100 1608; x_wconf 77' lang='lat' dir='ltr'><strong>lidos</strong></span> <span class='ocrx_word' id='word_1_116' title='bbox 1166 1603 1173 1612; x_wconf 93' lang='grc'><em>,</em></span> 
     </span>
     <span class='ocr_line' id='line_1_15' title="bbox 26 1623 1099 1712; baseline 0.008 -31"><span class='ocrx_word' id='word_1_117' title='bbox 26 1623 154 1688; x_wconf 76' lang='lat' dir='ltr'><strong>inerunt</strong></span> <span class='ocrx_word' id='word_1_118' title='bbox 173 1627 326 1707; x_wconf 72' lang='lat' dir='ltr'><strong>tophum,</strong></span> <span class='ocrx_word' id='word_1_119' title='bbox 352 1633 475 1712; x_wconf 75' lang='lat' dir='ltr'><strong>unipes,</strong></span> <span class='ocrx_word' id='word_1_120' title='bbox 500 1627 610 1691; x_wconf 79' lang='lat' dir='ltr'><strong>eadem</strong></span> <span class='ocrx_word' id='word_1_121' title='bbox 634 1623 814 1711; x_wconf 83' lang='lat' dir='ltr'><strong>elegantia,</strong></span> <span class='ocrx_word' id='word_1_122' title='bbox 845 1646 907 1708; x_wconf 89' lang='lat' dir='ltr'><strong>qna</strong></span> <span class='ocrx_word' id='word_1_123' title='bbox 928 1629 1099 1690; x_wconf 77' lang='lat' dir='ltr'><strong>Maecenat</strong></span> 
     </span>
     <span class='ocr_line' id='line_1_16' title="bbox 23 1707 1095 1795; baseline 0.004 -27"><span class='ocrx_word' id='word_1_124' title='bbox 23 1712 110 1791; x_wconf 64' lang='lat' dir='ltr'><strong>prigr.</strong></span> <span class='ocrx_word' id='word_1_125' title='bbox 134 1711 168 1771; x_wconf 90' lang='lat' dir='ltr'><strong>in</strong></span> <span class='ocrx_word' id='word_1_126' title='bbox 186 1715 362 1776; x_wconf 80' lang='lat' dir='ltr'><strong>Horatium</strong></span> <span class='ocrx_word' id='word_1_127' title='bbox 377 1717 502 1795; x_wconf 86' lang='lat' dir='ltr'><strong>Iaspios</strong></span> <span class='ocrx_word' id='word_1_128' title='bbox 521 1711 653 1794; x_wconf 80' lang='lat' dir='ltr'><strong>lapillos</strong></span> <span class='ocrx_word' id='word_1_129' title='bbox 671 1711 760 1794; x_wconf 79' lang='lat' dir='ltr'><strong>ipnos</strong></span> <span class='ocrx_word' id='word_1_130' title='bbox 785 1707 932 1791; x_wconf 86' lang='lat' dir='ltr'><strong>Iaspides</strong></span> <span class='ocrx_word' id='word_1_131' title='bbox 954 1709 1095 1786; x_wconf 81' lang='lat' dir='ltr'><strong>vocavit,</strong></span> 
     </span>
     <span class='ocr_line' id='line_1_17' title="bbox 23 1791 1098 1878; baseline 0.005 -26"><span class='ocrx_word' id='word_1_132' title='bbox 23 1813 36 1852; x_wconf 86' lang='lat' dir='ltr'><strong>o</strong></span> <span class='ocrx_word' id='word_1_133' title='bbox 63 1793 290 1858; x_wconf 86' lang='lat' dir='ltr'><strong>mellitissimus</strong></span> <span class='ocrx_word' id='word_1_134' title='bbox 317 1800 487 1859; x_wconf 73' lang='lat' dir='ltr'><strong>Anacreon</strong></span> <span class='ocrx_word' id='word_1_135' title='bbox 508 1797 653 1877; x_wconf 77' lang='lat' dir='ltr'><strong>Haipdeos</strong></span> <span class='ocrx_word' id='word_1_136' title='bbox 670 1791 778 1878; x_wconf 72' lang='grc' dir='ltr'><em>ἄνδρες</em></span> <span class='ocrx_word' id='word_1_137' title='bbox 795 1815 853 1877; x_wconf 92' lang='lat' dir='ltr'><strong>pro</strong></span> <span class='ocrx_word' id='word_1_138' title='bbox 872 1795 952 1878; x_wconf 86' lang='lat' dir='ltr'><strong>ipsis</strong></span> <span class='ocrx_word' id='word_1_139' title='bbox 968 1793 1098 1860; x_wconf 76' lang='lat' dir='ltr'><strong>Parthia</strong></span> 
     </span>
    </p>
   </div>
   <div class='ocr_carea' id='block_1_5' title="bbox 23 1876 1190 1963">
    <p class='ocr_par' dir='ltr' id='par_1_5' title="bbox 23 1876 1190 1963">
     <span class='ocr_line' id='line_1_18' title="bbox 23 1876 1190 1963; baseline 0.005 -27"><span class='ocrx_word' id='word_1_140' title='bbox 23 1876 160 1940; x_wconf 87' lang='lat' dir='ltr'><strong>dbibuit.</strong></span> <span class='ocrx_word' id='word_1_141' title='bbox 189 1882 327 1942; x_wconf 83' lang='lat' dir='ltr'><strong>Nonr&#39;sns</strong></span> <span class='ocrx_word' id='word_1_142' title='bbox 348 1883 382 1942; x_wconf 89' lang='lat' dir='ltr'><strong>in</strong></span> <span class='ocrx_word' id='word_1_143' title='bbox 396 1885 608 1963; x_wconf 84' lang='lat' dir='ltr'><strong>Dionysiocia</strong></span> <span class='ocrx_word' id='word_1_144' title='bbox 629 1879 714 1940; x_wconf 85' lang='lat' dir='ltr'><strong>banc</strong></span> <span class='ocrx_word' id='word_1_145' title='bbox 735 1877 864 1941; x_wconf 82' lang='lat' dir='ltr'><strong>dicendi</strong></span> <span class='ocrx_word' id='word_1_146' title='bbox 889 1879 1098 1942; x_wconf 83' lang='lat' dir='ltr'><strong>concinnita-</strong></span> <span class='ocrx_word' id='word_1_147' title='bbox 1187 1883 1190 1888; x_wconf 84' lang='grc'><strong>’</strong></span> 
     </span>
    </p>
   </div>
   <div class='ocr_carea' id='block_1_6' title="bbox 22 1961 1117 4168">
    <p class='ocr_par' dir='ltr' id='par_1_6' title="bbox 22 1961 1117 4168">
     <span class='ocr_line' id='line_1_19' title="bbox 23 1961 1096 2048; baseline 0.007 -28"><span class='ocrx_word' id='word_1_148' title='bbox 23 1983 61 2020; x_wconf 81' lang='lat' dir='ltr'><strong>ern</strong></span> <span class='ocrx_word' id='word_1_149' title='bbox 81 1975 225 2024; x_wconf 87' lang='lat' dir='ltr'><strong>nontam</strong></span> <span class='ocrx_word' id='word_1_150' title='bbox 246 1963 384 2028; x_wconf 83' lang='lat' dir='ltr'><strong>oblatam</strong></span> <span class='ocrx_word' id='word_1_151' title='bbox 406 1985 593 2047; x_wconf 84' lang='lat' dir='ltr'><strong>usurpasse,</strong></span> <span class='ocrx_word' id='word_1_152' title='bbox 616 1983 710 2046; x_wconf 89' lang='lat' dir='ltr'><strong>qnam</strong></span> <span class='ocrx_word' id='word_1_153' title='bbox 731 1961 841 2024; x_wconf 89' lang='lat' dir='ltr'><strong>studio</strong></span> <span class='ocrx_word' id='word_1_154' title='bbox 857 1979 890 2026; x_wconf 90' lang='lat' dir='ltr'><strong>et</strong></span> <span class='ocrx_word' id='word_1_155' title='bbox 905 1962 978 2025; x_wconf 89' lang='lat' dir='ltr'><strong>data</strong></span> <span class='ocrx_word' id='word_1_156' title='bbox 997 1986 1096 2048; x_wconf 88' lang='lat' dir='ltr'><strong>opera</strong></span> 
     </span>
     <span class='ocr_line' id='line_1_20' title="bbox 23 2041 1095 2133; baseline 0.009 -31"><span class='ocrx_word' id='word_1_157' title='bbox 23 2060 141 2126; x_wconf 84' lang='lat' dir='ltr'><strong>aptasse</strong></span> <span class='ocrx_word' id='word_1_158' title='bbox 155 2045 414 2130; x_wconf 73' lang='lat' dir='ltr'><strong>deprehenditur.</strong></span> <span class='ocrx_word' id='word_1_159' title='bbox 441 2063 508 2110; x_wconf 82' lang='lat' dir='ltr'><strong>anm</strong></span> <span class='ocrx_word' id='word_1_160' title='bbox 521 2063 596 2133; x_wconf 89' lang='lat' dir='ltr'><strong>post</strong></span> <span class='ocrx_word' id='word_1_161' title='bbox 608 2047 689 2110; x_wconf 79' lang='lat' dir='ltr'><strong>haec</strong></span> <span class='ocrx_word' id='word_1_162' title='bbox 703 2045 758 2112; x_wconf 80' lang='lat' dir='ltr'><strong>sol</strong></span> <span class='ocrx_word' id='word_1_163' title='bbox 770 2041 937 2127; x_wconf 70' lang='lat' dir='ltr'><strong>spotiatus·</strong></span> <span class='ocrx_word' id='word_1_164' title='bbox 959 2047 1015 2110; x_wconf 90' lang='lat' dir='ltr'><strong>illa</strong></span> <span class='ocrx_word' id='word_1_165' title='bbox 1029 2043 1095 2114; x_wconf 59' lang='lat' dir='ltr'><strong>voi</strong></span> 
     </span>
     <span class='ocr_line' id='line_1_21' title="bbox 30 2131 1095 2216; baseline 0.006 -27"><span class='ocrx_word' id='word_1_166' title='bbox 30 2132 173 2210; x_wconf 65' lang='lat' dir='ltr'><strong>reliquis</strong></span> <span class='ocrx_word' id='word_1_167' title='bbox 199 2135 297 2216; x_wconf 79' lang='lat' dir='ltr'><strong>vulgo</strong></span> <span class='ocrx_word' id='word_1_168' title='bbox 318 2134 432 2194; x_wconf 83' lang='lat' dir='ltr'><strong>maiori</strong></span> <span class='ocrx_word' id='word_1_169' title='bbox 452 2131 675 2196; x_wconf 86' lang='lat' dir='ltr'><strong>distinctionis</strong></span> <span class='ocrx_word' id='word_1_170' title='bbox 699 2145 776 2192; x_wconf 87' lang='lat' dir='ltr'><strong>nota</strong></span> <span class='ocrx_word' id='word_1_171' title='bbox 791 2132 857 2194; x_wconf 84' lang='lat' dir='ltr'><strong>init</strong></span> <span class='ocrx_word' id='word_1_172' title='bbox 875 2149 1039 2214; x_wconf 83' lang='lat' dir='ltr'><strong>separata,</strong></span> <span class='ocrx_word' id='word_1_173' title='bbox 1059 2147 1095 2196; x_wconf 77' lang='lat' dir='ltr'><strong>et</strong></span> 
     </span>
     <span class='ocr_line' id='line_1_22' title="bbox 23 2209 1095 2303; baseline 0.013 -32"><span class='ocrx_word' id='word_1_174' title='bbox 23 2209 313 2278; x_wconf 73' lang='lat' dir='ltr'><strong>›litudiuenr&#39;suarn</strong></span> <span class='ocrx_word' id='word_1_175' title='bbox 334 2217 569 2303; x_wconf 86' lang='lat' dir='ltr'><strong>quodammodo</strong></span> <span class='ocrx_word' id='word_1_176' title='bbox 583 2214 788 2300; x_wconf 76' lang='lat' dir='ltr'><strong>deplorabat:</strong></span> <span class='ocrx_word' id='word_1_177' title='bbox 809 2213 952 2298; x_wconf 72' lang='lat' dir='ltr'><strong>sopiens</strong></span> <span class='ocrx_word' id='word_1_178' title='bbox 968 2223 1020 2281; x_wconf 80' lang='lat' dir='ltr'><strong>rel</strong></span> <span class='ocrx_word' id='word_1_179' title='bbox 1035 2245 1095 2298; x_wconf 72' lang='lat' dir='ltr'><strong>aa·</strong></span> 
     </span>
     <span class='ocr_line' id='line_1_23' title="bbox 23 2293 1117 2389; baseline 0.006 -30"><span class='ocrx_word' id='word_1_180' title='bbox 23 2293 359 2375; x_wconf 68' lang='lat' dir='ltr'><strong>immolandarum,</strong></span> <span class='ocrx_word' id='word_1_181' title='bbox 383 2303 471 2385; x_wconf 85' lang='lat' dir='ltr'><strong>pacis</strong></span> <span class='ocrx_word' id='word_1_182' title='bbox 490 2305 636 2389; x_wconf 79' lang='lat' dir='ltr'><strong>signnm,</strong></span> <span class='ocrx_word' id='word_1_183' title='bbox 658 2316 691 2362; x_wconf 90' lang='lat' dir='ltr'><strong>et</strong></span> <span class='ocrx_word' id='word_1_184' title='bbox 705 2303 815 2377; x_wconf 77' lang='lat' dir='ltr'><strong>locus,</strong></span> <span class='ocrx_word' id='word_1_185' title='bbox 839 2303 873 2362; x_wconf 91' lang='lat' dir='ltr'><strong>in</strong></span> <span class='ocrx_word' id='word_1_186' title='bbox 892 2323 983 2386; x_wconf 89' lang='lat' dir='ltr'><strong>quenr</strong></span> <span class='ocrx_word' id='word_1_187' title='bbox 997 2321 1117 2385; x_wconf 81' lang='lat' dir='ltr'><strong>pase-·</strong></span> 
     </span>
     <span class='ocr_line' id='line_1_24' title="bbox 23 2381 1095 2458; baseline 0.006 -14"><span class='ocrx_word' id='word_1_188' title='bbox 23 2381 126 2458; x_wconf 63' lang='lat' dir='ltr'><strong>auitam</strong></span> <span class='ocrx_word' id='word_1_189' title='bbox 148 2383 266 2447; x_wconf 83' lang='lat' dir='ltr'><strong>laetari</strong></span> <span class='ocrx_word' id='word_1_190' title='bbox 289 2386 501 2452; x_wconf 72' lang='lat' dir='ltr'><strong>adscendunt.</strong></span> <span class='ocrx_word' id='word_1_191' title='bbox 527 2399 629 2448; x_wconf 83' lang='lat' dir='ltr'><strong>utram</strong></span> <span class='ocrx_word' id='word_1_192' title='bbox 649 2383 814 2446; x_wconf 84' lang='lat' dir='ltr'><strong>notionem</strong></span> <span class='ocrx_word' id='word_1_193' title='bbox 829 2389 936 2447; x_wconf 88' lang='lat' dir='ltr'><strong>lacurn</strong></span> <span class='ocrx_word' id='word_1_194' title='bbox 956 2386 1012 2448; x_wconf 90' lang='lat' dir='ltr'><strong>hic</strong></span> <span class='ocrx_word' id='word_1_195' title='bbox 1028 2387 1095 2450; x_wconf 88' lang='lat' dir='ltr'><strong>ha-</strong></span> 
     </span>
     <span class='ocr_line' id='line_1_25' title="bbox 23 2464 1095 2554; baseline 0.011 -30"><span class='ocrx_word' id='word_1_196' title='bbox 23 2483 69 2526; x_wconf 88' lang='lat' dir='ltr'><strong>ere</strong></span> <span class='ocrx_word' id='word_1_197' title='bbox 84 2464 256 2535; x_wconf 82' lang='lat' dir='ltr'><strong>dieatnnsi’</strong></span> <span class='ocrx_word' id='word_1_198' title='bbox 280 2473 419 2554; x_wconf 84' lang='lat' dir='ltr'><strong>priorem</strong></span> <span class='ocrx_word' id='word_1_199' title='bbox 443 2471 588 2535; x_wconf 83' lang='lat' dir='ltr'><strong>omniuo.</strong></span> <span class='ocrx_word' id='word_1_200' title='bbox 618 2467 694 2534; x_wconf 76' lang='lat' dir='ltr'><strong>vids</strong></span> <span class='ocrx_word' id='word_1_201' title='bbox 708 2469 910 2551; x_wconf 82' lang='lat' dir='ltr'><strong>Hssychs&#39;nrn.</strong></span> <span class='ocrx_word' id='word_1_202' title='bbox 934 2476 935 2484; x_wconf 77' lang='grc'>’</span> <span class='ocrx_word' id='word_1_203' title='bbox 956 2471 1095 2538; x_wconf 77' lang='lat' dir='ltr'><strong>sedve-</strong></span> 
     </span>
     <span class='ocr_line' id='line_1_26' title="bbox 23 2547 1093 2642; baseline 0.011 -36"><span class='ocrx_word' id='word_1_204' title='bbox 23 2547 150 2614; x_wconf 85' lang='lat' dir='ltr'><strong>ieudutn</strong></span> <span class='ocrx_word' id='word_1_205' title='bbox 165 2550 206 2615; x_wconf 87' lang='lat' dir='ltr'><strong>sd</strong></span> <span class='ocrx_word' id='word_1_206' title='bbox 222 2559 351 2620; x_wconf 86' lang='lat' dir='ltr'><strong>altersrn</strong></span> <span class='ocrx_word' id='word_1_207' title='bbox 369 2577 412 2620; x_wconf 83' lang='lat' dir='ltr'><strong>ex</strong></span> <span class='ocrx_word' id='word_1_208' title='bbox 428 2557 586 2618; x_wconf 80' lang='lat' dir='ltr'><strong>Heroibns</strong></span> <span class='ocrx_word' id='word_1_209' title='bbox 598 2554 827 2634; x_wconf 70' lang='lat' dir='ltr'><strong>Aristophanis</strong></span> <span class='ocrx_word' id='word_1_210' title='bbox 840 2557 950 2636; x_wconf 76' lang='grc' dir='ltr'><strong><em>ῥῆσιν.</em></strong></span> <span class='ocrx_word' id='word_1_211' title='bbox 973 2555 1008 2618; x_wconf 92' lang='lat' dir='ltr'><strong>in</strong></span> <span class='ocrx_word' id='word_1_212' title='bbox 1028 2575 1093 2642; x_wconf 85' lang='lat' dir='ltr'><strong>qna</strong></span> 
     </span>
     <span class='ocr_line' id='line_1_27' title="bbox 23 2633 1093 2726; baseline 0.014 -36"><span class='ocrx_word' id='word_1_213' title='bbox 23 2633 105 2694; x_wconf 86' lang='lat' dir='ltr'><strong>aucis</strong></span> <span class='ocrx_word' id='word_1_214' title='bbox 130 2633 351 2724; x_wconf 82' lang='lat' dir='ltr'><strong>deiungemur.</strong></span> <span class='ocrx_word' id='word_1_215' title='bbox 381 2638 575 2726; x_wconf 81' lang='lat' dir='ltr'><strong>Hesychinsn</strong></span> <span class='ocrx_word' id='word_1_216' title='bbox 595 2660 639 2703; x_wconf 85' lang='lat' dir='ltr'><strong>ex</strong></span> <span class='ocrx_word' id='word_1_217' title='bbox 662 2639 713 2702; x_wconf 89' lang='lat' dir='ltr'><strong>bia</strong></span> <span class='ocrx_word' id='word_1_218' title='bbox 742 2639 861 2719; x_wconf 70' lang='lat' dir='ltr'><strong>Comici</strong></span> <span class='ocrx_word' id='word_1_219' title='bbox 877 2641 981 2703; x_wconf 80' lang='lat' dir='ltr'><strong>verbis</strong></span> <span class='ocrx_word' id='word_1_220' title='bbox 1005 2659 1093 2705; x_wconf 83' lang='lat' dir='ltr'><strong>rents</strong></span> 
     </span>
     <span class='ocr_line' id='line_1_28' title="bbox 23 2717 1093 2805; baseline 0.009 -25"><span class='ocrx_word' id='word_1_221' title='bbox 23 2723 399 2800; x_wconf 79' lang='lat' dir='ltr'><strong>apingins·enseulsritr</strong></span> <span class='ocrx_word' id='word_1_222' title='bbox 421 2725 663 2805; x_wconf 60' lang='lat' dir='ltr'><strong>&#39;Araetheum</strong></span> <span class='ocrx_word' id='word_1_223' title='bbox 685 2717 862 2791; x_wconf 83' lang='lat' dir='ltr'><strong>cistiocsnns·</strong></span> <span class='ocrx_word' id='word_1_224' title='bbox 886 2740 918 2787; x_wconf 90' lang='lat' dir='ltr'><strong>et</strong></span> <span class='ocrx_word' id='word_1_225' title='bbox 938 2725 1093 2790; x_wconf 72' lang='lat' dir='ltr'><strong>credibile</strong></span> 
     </span>
     <span class='ocr_line' id='line_1_29' title="bbox 23 2801 1092 2893; baseline 0.008 -30"><span class='ocrx_word' id='word_1_226' title='bbox 23 2815 41 2862; x_wconf 67' lang='lat' dir='ltr'><strong>rt</strong></span> <span class='ocrx_word' id='word_1_227' title='bbox 66 2801 315 2872; x_wconf 85' lang='lat' dir='ltr'><strong>Grsnrrnatieurn</strong></span> <span class='ocrx_word' id='word_1_228' title='bbox 337 2813 427 2873; x_wconf 86' lang='lat' dir='ltr'><strong>lllnnr</strong></span> <span class='ocrx_word' id='word_1_229' title='bbox 450 2812 488 2874; x_wconf 87' lang='lat' dir='ltr'><strong>ad</strong></span> <span class='ocrx_word' id='word_1_230' title='bbox 510 2811 596 2874; x_wconf 87' lang='lat' dir='ltr'><strong>bunc</strong></span> <span class='ocrx_word' id='word_1_231' title='bbox 610 2810 841 2890; x_wconf 78' lang='lat' dir='ltr'><strong>Aristophanis</strong></span> <span class='ocrx_word' id='word_1_232' title='bbox 862 2813 968 2870; x_wconf 88' lang='lat' dir='ltr'><strong>locum</strong></span> <span class='ocrx_word' id='word_1_233' title='bbox 981 2831 1092 2893; x_wconf 81' lang='lat' dir='ltr'><strong>reape-</strong></span> 
     </span>
     <span class='ocr_line' id='line_1_30' title="bbox 23 2886 1092 2981; baseline 0.012 -37"><span class='ocrx_word' id='word_1_234' title='bbox 23 2886 92 2954; x_wconf 82' lang='lat' dir='ltr'><strong>isse.</strong></span> <span class='ocrx_word' id='word_1_235' title='bbox 121 2891 200 2976; x_wconf 88' lang='lat' dir='ltr'><strong>quid</strong></span> <span class='ocrx_word' id='word_1_236' title='bbox 217 2909 321 2956; x_wconf 90' lang='lat' dir='ltr'><strong>autern</strong></span> <span class='ocrx_word' id='word_1_237' title='bbox 347 2895 401 2958; x_wconf 86' lang='lat' dir='ltr'><strong>bic</strong></span> <span class='ocrx_word' id='word_1_238' title='bbox 416 2899 458 2981; x_wconf 70' lang='grc' dir='ltr'><strong>τῷ</strong></span> <span class='ocrx_word' id='word_1_239' title='bbox 473 2894 579 2980; x_wconf 66' lang='grc' dir='ltr'><strong><em>ῥόμβῳ</em></strong></span> <span class='ocrx_word' id='word_1_240' title='bbox 595 2893 718 2958; x_wconf 76' lang='lat' dir='ltr'><strong>iacies?</strong></span> <span class='ocrx_word' id='word_1_241' title='bbox 741 2913 801 2978; x_wconf 79' lang='lat' dir='ltr'><strong>ego</strong></span> <span class='ocrx_word' id='word_1_242' title='bbox 823 2893 953 2976; x_wconf 78' lang='lat' dir='ltr'><strong>quiden</strong></span> <span class='ocrx_word' id='word_1_243' title='bbox 971 2896 1092 2977; x_wconf 90' lang='lat' dir='ltr'><strong>opinor</strong></span> 
     </span>
     <span class='ocr_line' id='line_1_31' title="bbox 23 2965 1091 3064; baseline 0.002 -26"><span class='ocrx_word' id='word_1_244' title='bbox 23 2965 107 3052; x_wconf 74' lang='grc' dir='ltr'><strong><em>ἷμβον</em></strong></span> <span class='ocrx_word' id='word_1_245' title='bbox 122 2974 162 3035; x_wconf 93' lang='lat' dir='ltr'><strong>ab</strong></span> <span class='ocrx_word' id='word_1_246' title='bbox 182 2979 402 3059; x_wconf 74' lang='lat' dir='ltr'><strong>Aristophane</strong></span> <span class='ocrx_word' id='word_1_247' title='bbox 415 2985 608 3064; x_wconf 82' lang='lat' dir='ltr'><strong>appellatum</strong></span> <span class='ocrx_word' id='word_1_248' title='bbox 629 2975 681 3046; x_wconf 83' lang='lat' dir='ltr'><strong>sds</strong></span> <span class='ocrx_word' id='word_1_249' title='bbox 703 2977 849 3049; x_wconf 65' lang='grc' dir='ltr'><strong>κώδωνα.</strong></span> <span class='ocrx_word' id='word_1_250' title='bbox 873 2997 938 3060; x_wconf 84' lang='lat' dir='ltr'><strong>quo</strong></span> <span class='ocrx_word' id='word_1_251' title='bbox 953 2992 1044 3042; x_wconf 83' lang='lat' dir='ltr'><strong>rnato</strong></span> <span class='ocrx_word' id='word_1_252' title='bbox 1056 2993 1091 3040; x_wconf 81' lang='lat' dir='ltr'><strong>et</strong></span> 
     </span>
     <span class='ocr_line' id='line_1_32' title="bbox 23 3056 1091 3148; baseline 0.012 -35"><span class='ocrx_word' id='word_1_253' title='bbox 23 3056 114 3136; x_wconf 59' lang='lat' dir='ltr'><strong>girato</strong></span> <span class='ocrx_word' id='word_1_254' title='bbox 131 3059 264 3148; x_wconf 66' lang='lat' dir='ltr'><strong>vigilias</strong></span> <span class='ocrx_word' id='word_1_255' title='bbox 280 3064 459 3126; x_wconf 78' lang='lat' dir='ltr'><strong>circuibant</strong></span> <span class='ocrx_word' id='word_1_256' title='bbox 481 3079 578 3148; x_wconf 87' lang='lat' dir='ltr'><strong>atque</strong></span> <span class='ocrx_word' id='word_1_257' title='bbox 599 3061 788 3126; x_wconf 84' lang='lat' dir='ltr'><strong>excitabant</strong></span> <span class='ocrx_word' id='word_1_258' title='bbox 806 3068 838 3128; x_wconf 83' lang='lat' dir='ltr'><strong>ol</strong></span> <span class='ocrx_word' id='word_1_259' title='bbox 856 3066 1018 3144; x_wconf 69' lang='lat' dir='ltr'><strong>naploolas</strong></span> <span class='ocrx_word' id='word_1_260' title='bbox 1037 3065 1091 3126; x_wconf 75' lang='lat' dir='ltr'><strong>asi</strong></span> 
     </span>
     <span class='ocr_line' id='line_1_33' title="bbox 23 3142 1091 3232; baseline 0.002 -24"><span class='ocrx_word' id='word_1_261' title='bbox 23 3142 231 3228; x_wconf 64' lang='lat' dir='ltr'><strong>tncrrclripzas·</strong></span> <span class='ocrx_word' id='word_1_262' title='bbox 257 3145 345 3228; x_wconf 88' lang='lat' dir='ltr'><strong>quod</strong></span> <span class='ocrx_word' id='word_1_263' title='bbox 360 3149 512 3210; x_wconf 87' lang='lat' dir='ltr'><strong>traditnrn</strong></span> <span class='ocrx_word' id='word_1_264' title='bbox 533 3147 680 3232; x_wconf 90' lang='lat' dir='ltr'><strong>pluribus</strong></span> <span class='ocrx_word' id='word_1_265' title='bbox 694 3148 727 3206; x_wconf 89' lang='lat' dir='ltr'><strong>in</strong></span> <span class='ocrx_word' id='word_1_266' title='bbox 744 3148 826 3208; x_wconf 92' lang='lat' dir='ltr'><strong>locis</strong></span> <span class='ocrx_word' id='word_1_267' title='bbox 839 3145 878 3207; x_wconf 87' lang='lat' dir='ltr'><strong>ab</strong></span> <span class='ocrx_word' id='word_1_268' title='bbox 895 3147 1091 3227; x_wconf 83' lang='lat' dir='ltr'><strong>Ariitspho·</strong></span> 
     </span>
     <span class='ocr_line' id='line_1_34' title="bbox 23 3227 1090 3316; baseline 0.011 -32"><span class='ocrx_word' id='word_1_269' title='bbox 23 3229 43 3284; x_wconf 89' lang='lat' dir='ltr'><strong>&#39;s</strong></span> <span class='ocrx_word' id='word_1_270' title='bbox 59 3227 239 3294; x_wconf 73' lang='lat' dir='ltr'><strong>Scholiasta</strong></span> <span class='ocrx_word' id='word_1_271' title='bbox 254 3247 286 3294; x_wconf 85' lang='lat' dir='ltr'><strong>ct</strong></span> <span class='ocrx_word' id='word_1_272' title='bbox 300 3231 455 3314; x_wconf 85' lang='lat' dir='ltr'><strong>Hesychia</strong></span> <span class='ocrx_word' id='word_1_273' title='bbox 470 3233 591 3296; x_wconf 88' lang='lat' dir='ltr'><strong>nctnini</strong></span> <span class='ocrx_word' id='word_1_274' title='bbox 607 3229 807 3292; x_wconf 88' lang='lat' dir='ltr'><strong>bunraniotis</strong></span> <span class='ocrx_word' id='word_1_275' title='bbox 820 3231 945 3316; x_wconf 73' lang='lat' dir='ltr'><strong>ingenii</strong></span> <span class='ocrx_word' id='word_1_276' title='bbox 965 3231 1090 3296; x_wconf 82' lang='lat' dir='ltr'><strong>latebit.</strong></span> 
     </span>
     <span class='ocr_line' id='line_1_35' title="bbox 23 3313 1090 3420; baseline 0.006 -47"><span class='ocrx_word' id='word_1_277' title='bbox 23 3315 218 3408; x_wconf 62' lang='lat' dir='ltr'><strong>frcornnrodc</strong></span> <span class='ocrx_word' id='word_1_278' title='bbox 233 3313 465 3420; x_wconf 68' lang='lat' dir='ltr'><strong>ipiturpo&#39;ppos&#39;</strong></span> <span class='ocrx_word' id='word_1_279' title='bbox 481 3317 734 3392; x_wconf 71' lang='lat' dir='ltr'><strong>cinsnndnslcsss·</strong></span> <span class='ocrx_word' id='word_1_280' title='bbox 779 3316 857 3378; x_wconf 81' lang='lat' dir='ltr'><strong>lion</strong></span> <span class='ocrx_word' id='word_1_281' title='bbox 872 3337 922 3378; x_wconf 85' lang='lat' dir='ltr'><strong>sns</strong></span> <span class='ocrx_word' id='word_1_282' title='bbox 936 3317 1090 3399; x_wconf 83' lang='lat' dir='ltr'><strong>praeterit</strong></span> 
     </span>
     <span class='ocr_line' id='line_1_36' title="bbox 23 3399 1089 3488; baseline 0.011 -36"><span class='ocrx_word' id='word_1_283' title='bbox 23 3413 86 3456; x_wconf 86' lang='lat' dir='ltr'><strong>turn</strong></span> <span class='ocrx_word' id='word_1_284' title='bbox 103 3399 200 3463; x_wconf 87' lang='lat' dir='ltr'><strong>etiarn</strong></span> <span class='ocrx_word' id='word_1_285' title='bbox 217 3403 337 3484; x_wconf 66' lang='lat' dir='ltr'><strong>hoppen</strong></span> <span class='ocrx_word' id='word_1_286' title='bbox 353 3403 498 3466; x_wconf 87' lang='lat' dir='ltr'><strong>iusseris</strong></span> <span class='ocrx_word' id='word_1_287' title='bbox 514 3401 646 3488; x_wconf 80' lang='lat' dir='ltr'><strong>magicis</strong></span> <span class='ocrx_word' id='word_1_288' title='bbox 659 3421 751 3462; x_wconf 89' lang='lat' dir='ltr'><strong>nsurn</strong></span> <span class='ocrx_word' id='word_1_289' title='bbox 766 3421 852 3474; x_wconf 80' lang='lat' dir='ltr'><strong>ease,</strong></span> <span class='ocrx_word' id='word_1_290' title='bbox 876 3401 1089 3464; x_wconf 71' lang='lat' dir='ltr'><strong>consertione</strong></span> 
     </span>
     <span class='ocr_line' id='line_1_37' title="bbox 23 3485 1088 3563; baseline 0.008 -23"><span class='ocrx_word' id='word_1_291' title='bbox 23 3501 28 3534; x_wconf 80' lang='lat' dir='ltr'><strong>r</strong></span> <span class='ocrx_word' id='word_1_292' title='bbox 53 3501 158 3544; x_wconf 85' lang='lat' dir='ltr'><strong>consu</strong></span> <span class='ocrx_word' id='word_1_293' title='bbox 178 3507 215 3549; x_wconf 92' lang='lat' dir='ltr'><strong>so</strong></span> <span class='ocrx_word' id='word_1_294' title='bbox 235 3485 427 3550; x_wconf 83' lang='lat' dir='ltr'><strong>devotiones</strong></span> <span class='ocrx_word' id='word_1_295' title='bbox 448 3487 628 3563; x_wconf 82' lang='lat' dir='ltr'><strong>iaciebant,</strong></span> <span class='ocrx_word' id='word_1_296' title='bbox 647 3499 681 3548; x_wconf 89' lang='lat' dir='ltr'><strong>et</strong></span> <span class='ocrx_word' id='word_1_297' title='bbox 699 3506 807 3549; x_wconf 81' lang='lat' dir='ltr'><strong>manes</strong></span> <span class='ocrx_word' id='word_1_298' title='bbox 824 3485 865 3545; x_wconf 93' lang='lat' dir='ltr'><strong>ab</strong></span> <span class='ocrx_word' id='word_1_299' title='bbox 877 3485 990 3548; x_wconf 83' lang='lat' dir='ltr'><strong>inferia</strong></span> <span class='ocrx_word' id='word_1_300' title='bbox 1004 3503 1088 3548; x_wconf 83' lang='lat' dir='ltr'><strong>sno-</strong></span> 
     </span>
     <span class='ocr_line' id='line_1_38' title="bbox 23 3559 1088 3656; baseline 0.006 -24"><span class='ocrx_word' id='word_1_301' title='bbox 23 3559 117 3634; x_wconf 80' lang='lat' dir='ltr'><strong>bant,</strong></span> <span class='ocrx_word' id='word_1_302' title='bbox 183 3573 326 3656; x_wconf 77' lang='lat' dir='ltr'><strong>esychiae</strong></span> <span class='ocrx_word' id='word_1_303' title='bbox 347 3570 432 3636; x_wconf 85' lang='lat' dir='ltr'><strong>inter</strong></span> <span class='ocrx_word' id='word_1_304' title='bbox 453 3587 555 3637; x_wconf 87' lang='lat' dir='ltr'><strong>cetera</strong></span> <span class='ocrx_word' id='word_1_305' title='bbox 579 3571 619 3634; x_wconf 89' lang='lat' dir='ltr'><strong>de</strong></span> <span class='ocrx_word' id='word_1_306' title='bbox 636 3571 776 3632; x_wconf 81' lang='lat' dir='ltr'><strong>rhonabot</strong></span> <span class='ocrx_word' id='word_1_307' title='bbox 799 3575 852 3637; x_wconf 83' lang='lat' dir='ltr'><strong>sal</strong></span> <span class='ocrx_word' id='word_1_308' title='bbox 873 3575 906 3636; x_wconf 77' lang='lat' dir='ltr'><strong>is</strong></span> <span class='ocrx_word' id='word_1_309' title='bbox 923 3571 1088 3647; x_wconf 74' lang='lat' dir='ltr'><strong>anicula·</strong></span> 
     </span>
     <span class='ocr_line' id='line_1_39' title="bbox 23 3649 1085 3740; baseline 0.003 -22"><span class='ocrx_word' id='word_1_310' title='bbox 23 3649 53 3718; x_wconf 69' lang='lat' dir='ltr'><strong>it</strong></span> <span class='ocrx_word' id='word_1_311' title='bbox 76 3653 216 3723; x_wconf 77' lang='lat' dir='ltr'><strong>dassl&#39;sas.</strong></span> <span class='ocrx_word' id='word_1_312' title='bbox 255 3679 321 3720; x_wconf 91' lang='lat' dir='ltr'><strong>non</strong></span> <span class='ocrx_word' id='word_1_313' title='bbox 343 3655 488 3722; x_wconf 83' lang='lat' dir='ltr'><strong>diversus</strong></span> <span class='ocrx_word' id='word_1_314' title='bbox 508 3671 559 3720; x_wconf 89' lang='lat' dir='ltr'><strong>eat</strong></span> <span class='ocrx_word' id='word_1_315' title='bbox 577 3655 617 3716; x_wconf 92' lang='lat' dir='ltr'><strong>ab</strong></span> <span class='ocrx_word' id='word_1_316' title='bbox 640 3653 703 3717; x_wconf 91' lang='lat' dir='ltr'><strong>boo</strong></span> <span class='ocrx_word' id='word_1_317' title='bbox 724 3652 895 3740; x_wconf 73' lang='lat' dir='ltr'><strong>orpopala&#39;r</strong></span> <span class='ocrx_word' id='word_1_318' title='bbox 912 3653 1085 3734; x_wconf 57' lang='lat' dir='ltr'><strong>‘Esastrrdffi</strong></span> 
     </span>
     <span class='ocr_line' id='line_1_40' title="bbox 23 3733 1085 3807; baseline 0.017 -22"><span class='ocrx_word' id='word_1_319' title='bbox 23 3749 78 3790; x_wconf 83' lang='lat' dir='ltr'><strong>nus</strong></span> <span class='ocrx_word' id='word_1_320' title='bbox 100 3733 135 3795; x_wconf 91' lang='lat' dir='ltr'><strong>in</strong></span> <span class='ocrx_word' id='word_1_321' title='bbox 161 3739 334 3805; x_wconf 84' lang='lat' dir='ltr'><strong>Chaldaeis</strong></span> <span class='ocrx_word' id='word_1_322' title='bbox 356 3743 495 3804; x_wconf 87' lang='lat' dir='ltr'><strong>oraculis</strong></span> <span class='ocrx_word' id='word_1_323' title='bbox 517 3758 550 3807; x_wconf 89' lang='lat' dir='ltr'><strong>st</strong></span> <span class='ocrx_word' id='word_1_324' title='bbox 569 3741 672 3804; x_wconf 86' lang='lat' dir='ltr'><strong>Psslli</strong></span> <span class='ocrx_word' id='word_1_325' title='bbox 685 3738 726 3802; x_wconf 85' lang='lat' dir='ltr'><strong>ad</strong></span> <span class='ocrx_word' id='word_1_326' title='bbox 747 3740 825 3802; x_wconf 88' lang='lat' dir='ltr'><strong>haec</strong></span> <span class='ocrx_word' id='word_1_327' title='bbox 839 3739 1085 3804; x_wconf 75' lang='lat' dir='ltr'><strong>Commentariis</strong></span> 
     </span>
     <span class='ocr_line' id='line_1_41' title="bbox 39 3819 1085 3910; baseline -0.007 -17"><span class='ocrx_word' id='word_1_328' title='bbox 39 3819 174 3893; x_wconf 59' lang='lat' dir='ltr'><strong>mullo·</strong></span> <span class='ocrx_word' id='word_1_329' title='bbox 190 3844 229 3888; x_wconf 82' lang='lat' dir='ltr'><strong>aa</strong></span> <span class='ocrx_word' id='word_1_330' title='bbox 245 3825 285 3888; x_wconf 92' lang='lat' dir='ltr'><strong>ds</strong></span> <span class='ocrx_word' id='word_1_331' title='bbox 305 3847 370 3910; x_wconf 89' lang='lat' dir='ltr'><strong>quo</strong></span> <span class='ocrx_word' id='word_1_332' title='bbox 383 3827 568 3910; x_wconf 86' lang='lat' dir='ltr'><strong>percrudite</strong></span> <span class='ocrx_word' id='word_1_333' title='bbox 579 3827 708 3910; x_wconf 84' lang='lat' dir='ltr'><strong>scripsit</strong></span> <span class='ocrx_word' id='word_1_334' title='bbox 721 3825 912 3888; x_wconf 89' lang='lat' dir='ltr'><strong>Britanniae</strong></span> <span class='ocrx_word' id='word_1_335' title='bbox 927 3845 992 3887; x_wconf 87' lang='lat' dir='ltr'><strong>non</strong></span> <span class='ocrx_word' id='word_1_336' title='bbox 1009 3847 1085 3910; x_wconf 83' lang='lat' dir='ltr'><strong>pes-</strong></span> 
     </span>
     <span class='ocr_line' id='line_1_42' title="bbox 23 3901 1084 3992; baseline 0.018 -37"><span class='ocrx_word' id='word_1_337' title='bbox 23 3915 105 3960; x_wconf 83' lang='lat' dir='ltr'><strong>truur</strong></span> <span class='ocrx_word' id='word_1_338' title='bbox 129 3901 229 3974; x_wconf 87' lang='lat' dir='ltr'><strong>decus</strong></span> <span class='ocrx_word' id='word_1_339' title='bbox 243 3911 397 3974; x_wconf 70' lang='lat' dir='ltr'><strong>&amp;idanus</strong></span> <span class='ocrx_word' id='word_1_340' title='bbox 413 3910 454 3974; x_wconf 78' lang='lat' dir='ltr'><strong>‘de</strong></span> <span class='ocrx_word' id='word_1_341' title='bbox 469 3915 532 3974; x_wconf 88' lang='lat' dir='ltr'><strong>Dis</strong></span> <span class='ocrx_word' id='word_1_342' title='bbox 548 3915 655 3992; x_wconf 75' lang='lat' dir='ltr'><strong>Syros.</strong></span> <span class='ocrx_word' id='word_1_343' title='bbox 669 3911 712 3973; x_wconf 89' lang='lat' dir='ltr'><strong>·P.</strong></span> <span class='ocrx_word' id='word_1_344' title='bbox 734 3911 779 3972; x_wconf 91' lang='lat' dir='ltr'><strong>ll.</strong></span> <span class='ocrx_word' id='word_1_345' title='bbox 804 3931 863 3973; x_wconf 87' lang='lat' dir='ltr'><strong>nen</strong></span> <span class='ocrx_word' id='word_1_346' title='bbox 883 3931 948 3972; x_wconf 88' lang='lat' dir='ltr'><strong>non</strong></span> <span class='ocrx_word' id='word_1_347' title='bbox 963 3913 1084 3974; x_wconf 66' lang='lat' dir='ltr'><strong>Mser-</strong></span> 
     </span>
     <span class='ocr_line' id='line_1_43' title="bbox 23 3987 1082 4082; baseline -0.003 -20"><span class='ocrx_word' id='word_1_348' title='bbox 23 4003 50 4040; x_wconf 84' lang='lat' dir='ltr'><strong>rs</strong></span> <span class='ocrx_word' id='word_1_349' title='bbox 72 3987 218 4062; x_wconf 66' lang='lat' dir='ltr'><strong>Lwldvn.</strong></span> <span class='ocrx_word' id='word_1_350' title='bbox 251 3997 385 4077; x_wconf 78' lang='lat' dir='ltr'><strong>lhsoph.</strong></span> <span class='ocrx_word' id='word_1_351' title='bbox 420 4015 490 4082; x_wconf 88' lang='lat' dir='ltr'><strong>cap.</strong></span> <span class='ocrx_word' id='word_1_352' title='bbox 511 3999 575 4062; x_wconf 79' lang='grc' dir='ltr'>ΙΙΙ.</span> <span class='ocrx_word' id='word_1_353' title='bbox 602 4014 728 4082; x_wconf 81' lang='lat' dir='ltr'><strong>possem</strong></span> <span class='ocrx_word' id='word_1_354' title='bbox 748 4017 784 4058; x_wconf 91' lang='lat' dir='ltr'><strong>sa</strong></span> <span class='ocrx_word' id='word_1_355' title='bbox 814 3995 854 4058; x_wconf 88' lang='lat' dir='ltr'><strong>ds</strong></span> <span class='ocrx_word' id='word_1_356' title='bbox 873 4015 907 4058; x_wconf 88' lang='lat' dir='ltr'><strong>rs</strong></span> <span class='ocrx_word' id='word_1_357' title='bbox 935 4001 1082 4078; x_wconf 81' lang='lat' dir='ltr'><strong>pluscula</strong></span> 
     </span>
     <span class='ocr_line' id='line_1_44' title="bbox 22 4081 1080 4168; baseline 0.016 -38"><span class='ocrx_word' id='word_1_358' title='bbox 22 4081 70 4130; x_wconf 81' lang='lat' dir='ltr'><strong>tte</strong></span> <span class='ocrx_word' id='word_1_359' title='bbox 94 4091 162 4136; x_wconf 87' lang='lat' dir='ltr'><strong>nan</strong></span> <span class='ocrx_word' id='word_1_360' title='bbox 184 4081 290 4146; x_wconf 78' lang='lat' dir='ltr'><strong>cuivis</strong></span> <span class='ocrx_word' id='word_1_361' title='bbox 309 4081 442 4168; x_wconf 77' lang='lat' dir='ltr'><strong>cognita</strong></span> <span class='ocrx_word' id='word_1_362' title='bbox 463 4097 497 4147; x_wconf 90' lang='lat' dir='ltr'><strong>st</strong></span> <span class='ocrx_word' id='word_1_363' title='bbox 517 4081 685 4148; x_wconf 80' lang='lat' dir='ltr'><strong>observata</strong></span> <span class='ocrx_word' id='word_1_364' title='bbox 705 4101 904 4168; x_wconf 65' lang='lat' dir='ltr'><strong>proponcrsp</strong></span> <span class='ocrx_word' id='word_1_365' title='bbox 927 4081 984 4146; x_wconf 81' lang='lat' dir='ltr'><strong>sscl</strong></span> <span class='ocrx_word' id='word_1_366' title='bbox 998 4097 1080 4146; x_wconf 81' lang='lat' dir='ltr'><strong>tera-</strong></span> 
     </span>
    </p>
   </div>
   <div class='ocr_carea' id='block_1_7' title="bbox 0 0 1322 4948">
    <p class='ocr_par' dir='ltr' id='par_1_7' title="bbox 0 0 1322 4948">
     <span class='ocr_line' id='line_1_45' title="bbox 0 0 1322 4948; baseline 0 4"><span class='ocrx_word' id='word_1_367' title='bbox 0 0 1322 4948; x_wconf 95' lang='lat' dir='ltr'><strong> </strong></span> 
     </span>
    </p>
   </div>
  </div>
 </body>
</html>
